3617 5284
1370 567 1430 631 111

255 729 474 797 constitutione
489 733 585 798 Urbis
607 737 639 798 et
659 734 846 799 christianae
868 735 1026 816 religionis
1048 735 1243 799 institutione
1267 735 1305 798 ad
1328 739 1432 800 uestra

253 831 355 910 usque
383 819 525 902 tempora
552 821 704 902 gloriosus
731 823 764 884 et
789 821 975 884 imminutus
999 821 1114 898 extitit,
1141 821 1211 884 fidei
1241 823 1363 885 vestrae
1385 822 1431 885 in-

254 898 353 995 drvisa
367 902 528 970 sinceritas
542 911 609 969 tam
623 906 764 970 inaudita
784 907 930 982 novitate,
952 913 1018 970 tam
1040 909 1279 990 presumptuosa
1301 907 1431 971 elatione

254 987 397 1082 lmminui
417 991 575 1073 paciatur,
598 993 712 1069 sciens,
734 993 819 1057 omni
842 991 1045 1073 ambiguitate
1068 996 1195 1069 remota
1219 992 1300 1074 quod
1323 993 1431 1057 mortis

254 1074 428 1152 penculum
443 1080 517 1141 ante
531 1078 682 1142 vellemus
696 1079 862 1154 incurrere,
877 1097 974 1159 quam
988 1079 1103 1142 nostris
1118 1079 1310 1161 temporibus
1325 1081 1430 1142 tantas

254 1157 441 1226 confusionis
463 1164 661 1246 obprobrium
683 1164 844 1229 sustinere.

346 1361 381 1435 c)
404 1361 578 1432 Schrelben
601 1364 756 1433 tladrtans
780 1364 821 1432 Ν.
845 1382 886 1432 an
909 1365 960 1433 dis
981 1365 1155 1434 deutschen
1178 1363 1336 1435 Bischtte.

606 1475 751 1546 mmsis,
770 1475 852 1530 ueta
869 1476 942 1531 suc.
960 1477 1011 1542 111,
1034 1479 1085 1546 rs.)

339 1573 490 1654 Quotiens
505 1575 623 1658 aliquid
647 1576 678 1639 in
701 1577 849 1642 aecclesia
870 1581 978 1642 contra
999 1578 1147 1642 honorem
1162 1577 1220 1642 Dei
1243 1580 1274 1641 et
1296 1579 1430 1642 salutem

251 1660 392 1725 fidelium
425 1664 645 1746 attemptatur,
677 1662 810 1726 fratrum
843 1665 875 1726 st
901 1663 1149 1747 coepiscoporum
1177 1666 1366 1740 nostrorum,
1400 1667 1431 1728 et

252 1765 360 1810 eorum
382 1748 527 1831 precipue
550 1750 604 1830 qui
627 1748 739 1831 spiritu
760 1748 818 1813 Dei
840 1752 992 1830 aguntur,
1019 1767 1093 1813 cura
1115 1749 1206 1814 debet
1228 1750 1372 1827 existere,
1395 1753 1431 1814 ut

252 1851 290 1896 ea
316 1852 397 1914 quae
426 1835 507 1899 mule
535 1836 625 1916 gesta
650 1837 725 1898 sunt
753 1839 874 1917 gratam
896 1835 962 1899 Dec
988 1835 1209 1900 correctionem
1230 1835 1363 1900 debeant
1384 1835 1431 1900 in·

251 1919 365 1982 venire.
408 1920 476 1984 Hoc
497 1922 603 1984 autem
624 1922 772 2003 tempore,
795 1922 877 2002 quod
900 1922 1018 2002 absque
1040 1921 1135 1985 nimio
1158 1941 1277 1986 merore
1299 1941 1362 1986 nou
1384 1921 1431 1985 di-

251 2005 367 2081 cimus,
396 2006 579 2070 karissimus
599 2005 683 2070 tilius
705 2010 812 2070 noster
831 2006 1006 2071 thidericus
1028 2007 1241 2072 Romancmm
1261 2007 1430 2091 imperator

251 2091 315 2154 tale
331 2091 406 2172 quid
421 2091 494 2173 egit,
515 2093 607 2173 quale
622 2092 814 2175 temporibus
829 2095 1061 2157 antecessomm
1076 2112 1204 2156 suornm
1219 2113 1280 2157 non
1295 2093 1429 2175 legimus

250 2179 473 2327 setall
492 2177 853 2328 ,balastra
865 2177 1288 2329 laetabantur
1306 2179 1429 2329 tlh

250 2347 366 2412 larium
380 2352 523 2414 nostrum
538 2349 622 2412 tituli
638 2348 746 2414 Sancti
760 2349 858 2414 Marci
872 2350 1059 2433 presbiteros
1074 2349 1254 2426 cardinales,
1277 2349 1316 2413 ad
1331 2349 1429 2434 ipsius

250 2434 441 2518 presentiam
467 2434 678 2511 misissemus,
707 2434 788 2518 ipse,
816 2454 887 2499 cum
916 2436 1053 2519 primum
1082 2434 1121 2498 ad
1152 2436 1217 2500 eius
1239 2436 1429 2518 presentiam

250 2523 473 2603 pervenerunt,
502 2521 643 2585 alacriter
664 2521 750 2584 usus
772 2523 820 2585 est
842 2539 894 2585 eos
917 2521 1084 2604 recepisse3
1113 2521 1255 2602 sequenti
1276 2540 1348 2586 reru
1371 2521 1429 2599 die,

251 2625 324 2670 cum
339 2606 476 2670 redirent
490 2605 529 2670 ad
545 2623 626 2684 eum,
648 2608 680 2669 et
693 2607 817 2670 litterae
832 2609 957 2670 nostrae
972 2607 1004 2670 iu
1020 2607 1086 2670 eius
1102 2607 1228 2670 auribus
1243 2607 1428 2688 legerentur,

252 2697 378 2776 accepta
399 2692 557 2757 occasione
579 2692 742 2756 cuiusdam
756 2691 850 2769 verbi,
872 2691 955 2774 quod
977 2693 1116 2775 ipsarum
1137 2693 1312 2756 litterarum
1334 2693 1429 2757 series

250 2779 443 2854 confluebat,
470 2777 600 2860 ‘insigne
622 2778 765 2843 videlicet
786 2778 969 2842 beneficium
992 2797 1122 2842 coronae
1144 2778 1201 2842 tibi
1223 2777 1428 2856 contulimus,

249 2864 283 2927 in
303 2866 428 2928 tautum
449 2864 544 2928 animi
567 2864 804 2928 commotionem
826 2864 955 2941 exarsit,
977 2866 1014 2927 ut
1035 2863 1184 2942 convicia,
1215 2883 1295 2946 quae
1317 2864 1349 2927 in
1371 2883 1428 2928 nos

250 2953 284 3014 st
310 2951 432 3032 legatos
457 2953 579 3014 nostros
606 2949 719 3014 dicitur
739 2949 920 3027 coniecisse,
950 2952 982 3013 et
1003 2969 1099 3030 quam
1120 2949 1283 3014 inhoneste
1305 2949 1387 3032 ipsos
1409 2969 1429 3014 a

250 3037 409 3119 presentia
429 3054 487 3100 sua
506 3036 650 3100 recedere
672 3054 709 3100 ac
729 3036 768 3100 de
788 3038 873 3100 terra
895 3046 954 3098 sua
967 3035 1111 3100 velociter
1133 3036 1214 3100 exire
1236 3036 1428 3117 compulerit,

251 3125 284 3186 et
310 3121 417 3186 audire
446 3121 645 3205 obprobrium
671 3125 704 3185 et
731 3121 932 3186 lamentabile
954 3120 996 3185 sit
1016 3120 1139 3185 referre.
1182 3120 1237 3185 llis
1259 3123 1366 3185 autern
1388 3123 1427 3186 ab

249 3207 335 3272 illius
360 3209 518 3291 presentia
548 3207 781 3284 excedentibus,
809 3206 891 3271 facto
921 3206 1036 3284 edicto,
1065 3225 1104 3271 us
1132 3207 1244 3288 uliquis
1273 3206 1310 3270 de
1332 3226 1427 3289 regno

250 3297 354 3358 restro
383 3293 422 3358 ed
451 3293 651 3377 apostolicam
680 3293 786 3357 sedem
817 3292 957 3369 accedat,
983 3312 1038 3375 per
1059 3311 1167 3357 omnes
1189 3291 1265 3356 fines
1288 3293 1428 3357 eiusdem

249 3380 338 3462 regni
353 3379 497 3444 custodes
512 3379 625 3442 dicitnr
638 3379 787 3461 posuisse,
810 3378 863 3460 qni
886 3397 939 3443 ecs
961 3379 1016 3459 qui
1038 3378 1077 3442 ed
1100 3377 1299 3461 apostolicam
1322 3379 1427 3442 sedem

248 3467 355 3530 venire
369 3465 524 3531 voluerint
536 3465 686 3529 violenter
701 3464 835 3530 debeant
856 3483 1008 3529 revocare.
1046 3463 1146 3547 Super
1168 3482 1228 3544 quo
1251 3462 1333 3528 iacto
1355 3463 1428 3528 licet

249 3551 481 3635 aliquantulum
498 3552 728 3626 conturbemur,
750 3569 788 3614 ex
809 3551 867 3615 hoc
888 3552 996 3614 tamen
1017 3550 1050 3613 in
1072 3549 1256 3633 nobisipsis
1278 3549 1427 3614 maiorem

248 3638 491 3702 consolationem
506 3636 683 3720 deripimus,
706 3637 789 3718 quod
811 3636 850 3700 ad
872 3636 904 3699 id
927 3636 965 3700 de
980 3637 1083 3701 vestro
1105 3639 1138 3700 et
1158 3635 1334 3719 principum
1355 3655 1428 3699 con-

248 3723 318 3788 silio
332 3743 395 3789 nun
409 3722 567 3807 processit
600 3722 693 3787 Unde
708 3721 899 3799 confidimus,
922 3741 995 3786 eum
1017 3740 1036 3786 a
1058 3721 1107 3786 sui
1129 3721 1225 3785 animi
1245 3722 1334 3785 motu
1356 3740 1427 3786 cou-

249 3810 318 3874 silio
340 3812 373 3874 et
393 3809 593 3893 persuasione
614 3811 719 3872 vestra
741 3808 830 3872 facile
853 3807 1069 3872 revocandum
1113 3806 1277 3886 Quocirca,
1304 3805 1426 3884 tratres,

248 3895 469 4046 aetat
485 3895 545 4044 lc
563 3894 1010 4062 ast-“hulltdllntldl
1031 3892 1427 4042 tlltlhtlttlh

248 4068 448 4132 exhortamur
469 4066 500 4129 in
517 4065 658 4142 Domino,
680 4027 828 4147 quatinus
850 4065 1012 4147 opponatis
1034 4082 1089 4129 ros
1110 4082 1237 4127 murum
1258 4082 1313 4146 pro
1336 4063 1426 4127 domo

247 4153 380 4220 Domini·
398 4156 430 4218 et
449 4150 606 4235 prefatum
628 4150 728 4214 filium
749 4155 894 4215 nostrum
916 4149 1054 4214 adriam
1076 4151 1193 4213 rectam
1216 4167 1311 4229 quam
1333 4149 1426 4214 citius

248 4240 395 4304 reducere
418 4237 579 4314 studeatis,
601 4237 842 4300 attentissimam
865 4234 1104 4301 sollicitudinem
1126 4234 1323 4311 adhibentes,
1344 4239 1426 4299 uta

247 4324 437 4390 Reinaldc
474 4322 722 4387 cancellario
758 4341 829 4387 suo
865 4324 904 4385 et
940 4320 1120 4405 palatino
1157 4319 1314 4396 comite,
1359 4321 1425 4402 qui

247 4429 405 4494 magnas
437 4407 711 4492 blasphemias
743 4407 782 4471 in
812 4407 990 4491 prefatos
1019 4407 1176 4489 legatos
1205 4408 1361 4470 nostros
1388 4409 1426 4470 et

246 4500 412 4561 matrem
439 4497 612 4560 vestram
642 4496 681 4559 et
712 4499 1007 4558 sacrosanctam
1035 4493 1250 4556 Romanam
1279 4493 1426 4557 aeccle-
