3617 5284
1488 523 1506 581 7

414 687 501 752 Inter
523 688 600 751 haec
621 688 697 751 libet
718 687 822 751 oculos
844 686 916 750 fidei
938 687 1056 771 aperire
1078 690 1111 751 et
1132 687 1262 768 antiqua
1276 688 1392 753 domini
1414 690 1509 754 mira·
1539 741 1543 748 .

328 775 398 839 cola
412 773 604 838 considerare
621 791 657 838 ao
669 792 705 838 ea
717 773 774 849 his,
790 791 869 854 quae
885 792 968 836 nune
984 773 1135 849 accidunt,
1151 791 1338 857 comparare.
1360 775 1508 856 Legimus

328 879 473 942 namque,
499 859 581 940 quod
597 859 814 936 Sennacherib,
836 877 890 922 rev
904 858 1101 934 assiriorum,
1124 859 1263 923 ascendit
1285 879 1379 944 super
1400 880 1508 925 omnes

329 946 471 1010 civitates
493 944 573 1010 Iuda
603 944 741 1008 munitas
764 949 795 1009 et
817 943 899 1028 oepit
921 963 973 1009 eas
996 947 1028 1008 et
1048 945 1136 1008 misit
1157 945 1320 1028 Rapsacen
1341 947 1372 1009 in
1394 946 1508 1011 Hieru-

329 1033 426 1096 salem
450 1031 489 1094 nd
512 1050 617 1113 regem
639 1030 811 1106 Ezechiam,
840 1030 894 1112 qui
911 1031 1138 1114 blasphemavit
1167 1030 1335 1107 dominum,
1357 1032 1507 1096 Ezechiae

329 1118 445 1182 multas
468 1117 569 1181 minas
591 1116 672 1193 lecit,
695 1116 830 1181 convicia
851 1115 997 1192 incussit,
1026 1117 1190 1200 opprobria
1209 1116 1325 1181 intulit.
1369 1117 1431 1182 Sed
1454 1138 1507 1182 rex

329 1223 400 1267 oum
421 1203 499 1267 hacc
522 1202 667 1279 audisset,
698 1201 788 1266 scidit
810 1201 997 1266 vestimenta
1018 1219 1077 1266 sua
1098 1205 1130 1266 et
1151 1202 1316 1268 obvolutas
1343 1222 1431 1268 sacre
1459 1205 1507 1268 in·

329 1291 423 1353 travit
444 1288 476 1352 in
499 1289 626 1353 domum
649 1287 765 1352 domini
790 1291 823 1352 et
843 1307 898 1370 per
920 1287 1047 1352 Esaiam
1075 1288 1260 1371 prophetam
1287 1307 1354 1352 rem
1382 1308 1506 1354 omnem

328 1375 451 1439 domino
474 1374 636 1438 commisit.
680 1373 722 1437 Et
742 1377 814 1456 post
843 1373 945 1438 multa
975 1373 1179 1438 consolatoria
1208 1375 1314 1450 verba,
1345 1394 1425 1456 quae
1452 1395 1508 1457 per

329 1461 512 1544 prophetam
533 1479 626 1524 suum
649 1459 792 1524 dominus
814 1459 964 1524 Ezechiae
990 1459 1165 1535 mandavit,
1196 1460 1272 1524 haec
1294 1460 1333 1524 ad
1358 1461 1506 1525 ultimum

329 1547 452 1610 intulit:
477 1544 531 1622 „In
554 1546 603 1610 via
626 1563 688 1627 qua
710 1545 802 1621 venit,
829 1563 884 1628 per
907 1563 976 1608 eam
998 1548 1171 1610 revertetur
1193 1548 1225 1609 at
1246 1545 1404 1610 civitatem
1426 1547 1507 1610 hanc
1630 1585 1632 1588 ⁴

327 1651 390 1696 non
411 1630 610 1714 ingredietur,
633 1630 708 1696 dicit
729 1630 893 1703 dominus;
930 1634 962 1694 et
981 1634 1143 1714 protegam
1166 1631 1324 1696 civitatem
1345 1630 1448 1708 istam,
1471 1637 1507 1696 ut

328 1719 445 1782 salvem
461 1736 530 1780 eam
544 1719 670 1800 propter
684 1735 735 1780 mc
750 1721 782 1781 ct
795 1721 922 1800 propter
937 1715 1037 1780 David
1052 1736 1177 1782 servum
1193 1724 1325 1781 meum‘.
1351 1718 1505 1799 Egressus

330 1807 495 1868 astantem
507 1803 636 1885 angelus
648 1802 764 1867 domini
777 1801 968 1886 etperoussit
979 1802 1012 1866 in
1023 1802 1134 1866 castris
1140 1802 1506 1868 AssiriorumCLXXXV

328 1890 421 1954 milia
451 1890 605 1972 Rapsaoes
616 1889 677 1954 iste
688 1887 800 1952 dicitur
813 1887 924 1952 Esaiae
935 1888 1103 1971 prophetae
1114 1888 1198 1953 filius
1210 1888 1315 1964 fuisse,
1330 1889 1384 1970 qui
1398 1890 1503 1953 rehoto

334 1975 486 2039 iudaismo
504 1977 646 2058 apostata
664 1973 764 2038 factus
788 1973 935 2055 trasfugr't
958 1973 998 2036 ad
1019 1973 1172 2056 Assyrios.
1216 1973 1317 2053 Quem
1339 1975 1391 2038 ille
1412 1994 1505 2058 pseu·

331 2061 422 2126 dores
445 2059 520 2138 Ovo,
542 2061 693 2144 periurus,
715 2059 822 2136 falsus,
844 2059 1007 2135 homicida,
1029 2060 1162 2124 mendax
1176 2060 1328 2134 imitatus,
1351 2060 1505 2126 adiabolo

328 2147 415 2211 velut
436 2147 474 2210 ab
496 2146 684 2210 assiriorum
706 2164 778 2228 rege
802 2146 917 2210 missus
939 2145 1054 2209 christo
1077 2145 1201 2220 domini,
1223 2146 1325 2223 Petro,
1353 2147 1450 2210 immo
1472 2149 1504 2210 in

328 2233 420 2298 Petro
442 2232 501 2315 ipsi
523 2231 646 2296 domino
669 2231 869 2314 exprobravit,
899 2250 1032 2312 regnum
1054 2231 1170 2295 domini
1198 2231 1247 2296 sui
1275 2231 1405 2310 invasit,
1432 2252 1505 2316 sup-

327 2319 488 2402 plantavit,
510 2317 656 2401 possedit,
678 2317 808 2400 praedas
824 2317 967 2393 excreuit,
989 2317 1154 2382 homicidia
1168 2318 1365 2401 perpetravit
1388 2319 1506 2383 seelera

329 2406 430 2468 multa
452 2402 613 2478 commisit,
636 2403 685 2468 ius
708 2403 880 2486 abnegavit
901 2403 970 2466 iura
985 2403 1062 2485 legis
1077 2403 1211 2479 violavit,
1231 2403 1349 2468 nobiles
1366 2403 1505 2469 insontes

329 2490 511 2565 obcaecavit,
534 2489 652 2567 occidit,
675 2488 872 2570 tyrannidem
893 2488 1023 2553 nimiam
1045 2489 1188 2565 exercuit,
1210 2489 1256 2554 ita
1278 2492 1315 2554 ut
1335 2489 1404 2572 ipsa-
1422 2494 1505 2555 terra

330 2576 476 2640 adversus
499 2575 654 2640 maliciam
675 2575 742 2640 eius
765 2575 924 2640 exclamet
968 2574 1030 2639 Sed
1052 2575 1165 2639 Petrus
1195 2594 1248 2639 rex
1279 2594 1350 2639 cum
1372 2576 1504 2640 Ezechia

329 2681 361 2726 se
384 2661 567 2738 humiliavit,
589 2679 645 2744 per
667 2662 808 2724 sanctam
824 2661 881 2725 Dei
903 2661 1083 2742 genitricem
1106 2663 1138 2724 et
1155 2679 1211 2743 per
1225 2661 1300 2725 alios
1316 2661 1366 2724 dei
1380 2664 1504 2725 sanctos

328 2748 449 2812 domino
482 2746 710 2811 commendavit
742 2746 800 2829 (sic
831 2765 968 2827 namque
1001 2745 1096 2810 etiam
1132 2745 1244 2811 litteris
1281 2748 1395 2810 nostris
1432 2765 1505 2811 enm

326 2831 605 2915 communuimus),
628 2851 663 2896 ac
684 2831 795 2896 idcirco
818 2834 867 2896 est
889 2831 1060 2896 exauditus.
1104 2830 1187 2896 Nam
1209 2831 1404 2915 omnipotens
1428 2833 1504 2896 deus

327 2919 497 2984 seeundum
521 2937 668 3000 magnam
690 2917 933 2982 misericordiam
963 2937 1053 2981 suam
1075 2919 1200 3000 propter
1228 2936 1282 2982 vos
1313 2920 1344 2981 et
1372 2937 1428 3000 per
1449 2937 1503 2982 vos

328 3006 413 3069 velut
433 3007 559 3088 propter
580 3003 680 3067 David
701 3003 792 3066 illum
814 3003 963 3067 liberavit
1007 3003 1049 3066 Et
1070 3002 1189 3078 merito,
1219 3002 1342 3067 domine
1370 3004 1414 3066 mi
1443 3023 1504 3079 rer,

328 3109 381 3154 vos
403 3089 468 3171 regi
490 3089 590 3152 David
619 3107 845 3171 comparamus,
877 3089 967 3154 ouius
995 3107 1106 3152 nomen
1134 3088 1358 3172 interpretatur
1391 3107 1503 3165 „manu

327 3174 432 3240 fortis“
447 3178 503 3239 ant
514 3174 767 3250 „desiderabilis“.
802 3174 889 3253 Quae
911 3175 1181 3258 interpretationes
1204 3173 1346 3256 quamvis
1362 3174 1401 3237 ad
1417 3174 1505 3239 Chri-

328 3264 413 3325 stum
435 3262 619 3345 pertineant,
650 3280 684 3326 eo
716 3260 797 3342 quod
825 3279 939 3324 manus
967 3279 1042 3325 suae
1070 3260 1211 3343 potentia
1231 3260 1388 3324 dlabolum
1418 3261 1505 3325 velut

329 3347 451 3412 Goliam
472 3347 641 3430 prostravit
670 3351 764 3428 atque
787 3347 908 3410 cunctis
938 3346 1082 3428 gentibus
1104 3346 1146 3410 sit
1167 3346 1368 3420 desideratus,
1398 3349 1504 3410 tamen

327 3432 499 3498 secundum
530 3432 656 3496 literam
686 3432 787 3496 extitit
827 3431 914 3496 fortis
948 3433 1075 3514 suisque
1109 3432 1252 3496 omnihus
1285 3431 1504 3496 desiderabilis.

327 3519 404 3583 Erat
426 3519 509 3582 enim
530 3518 625 3593 mitis,
658 3518 794 3593 humilis,
828 3520 1021 3595 mansuetus,
1048 3518 1112 3582 iam
1134 3522 1210 3581 tunc
1230 3519 1330 3582 sancti
1353 3517 1504 3600 evangelii

328 3623 389 3668 non
411 3603 525 3668 surdus
548 3603 678 3680 auditor,
707 3603 762 3668 ubi·
783 3603 926 3668 dominus
948 3604 1098 3687 praecipit
1120 3603 1245 3668 dicens:
1280 3603 1424 3684 „Diligite
1447 3604 1505 3666 ini-

328 3691 422 3754 micos
446 3693 579 3764 vestros3
614 3689 774 3754 beneficite
796 3689 853 3766 his,
883 3689 935 3771 qui
967 3689 1099 3754 oderunt
1120 3696 1200 3753 vos.“
1235 3726 1276 3734 -
1310 3689 1504 3770 Oquotiens

328 3776 450 3840 inimico
481 3775 557 3840 Saul
584 3775 737 3859 pepercit!
767 3775 890 3857 quando
918 3778 1041 3858 partem
1071 3773 1211 3839 clamidis
1242 3793 1316 3839 suae
1346 3774 1503 3858 praecidit,

329 3861 452 3942 quaudo
476 3861 599 3942 sopiam
622 3865 653 3926 et
674 3862 798 3925 hastam
825 3861 962 3937 abstuht,
996 3860 1120 3942 quando
1147 3859 1377 3942 ingemiscendo
1405 3860 1501 3923 dixit:

329 3947 503 4031 „Propitius
526 3948 568 4010 sit
587 3947 664 4010 mihi
686 3947 772 4024 dens,
799 3965 839 4012 ne
860 3947 987 4011 mittam
1009 3965 1138 4010 manum
1160 3965 1263 4010 meam
1295 3946 1328 4008 in
1351 3945 1503 4008 christum

327 4033 468 4098 domini“
511 4033 602 4097 Tanti
635 4033 731 4114 igitur
764 4033 933 4116 prophetae
955 4035 987 4097 et
1019 4032 1102 4114 regis
1133 4051 1196 4096 non
1229 4031 1333 4112 segnis
1365 4031 1503 4094 imitator

327 4119 467 4196 existitis,
501 4137 573 4182 oum
595 4138 656 4183 uon
679 4119 781 4183 solum
802 4117 943 4182 inimicos
966 4118 1102 4200 diligitis,
1132 4137 1241 4181 verum
1272 4117 1367 4180 etiam
1396 4136 1502 4180 omnes

326 4203 1260 4372 halantiailnssallitlrlehtah
1284 4202 1504 4372 arillae

325 4377 474 4440 veraciter
496 4375 635 4460 tempori,
669 4377 727 4440 sub
750 4395 811 4456 quo
834 4375 977 4439 Christus
1008 4377 1103 4439 natus
1126 4378 1181 4450 est,
1202 4373 1374 4456 comparari
1396 4373 1502 4456 possit

325 4461 427 4526 Huius
449 4461 494 4526 rei
515 4461 630 4526 indicia
651 4481 724 4525 oum
745 4462 847 4526 multa
874 4461 938 4524 sint
959 4460 1134 4538 manifasta,
1162 4479 1198 4524 ex
1220 4460 1280 4524 hoo
1305 4462 1412 4523 tamen
1435 4478 1502 4523 ma·
