3617 5284
355 527 420 590 284

442 694 569 750 Urknnde
586 695 604 749 b
621 693 699 749 fahrt
719 695 778 749 aleo
795 697 899 750 weiter:

396 853 402 864 ·
440 767 519 832 Eece
533 767 661 832 nomina
673 766 849 852 prinoipem
870 779 903 867 et
918 767 1063 867 militnm,
1086 768 1139 852 qui
1161 767 1264 868 iurare
1283 769 1421 868 debente
1438 769 1538 835 arohi-

354 851 1266 1025 ttmamffitmmttmamd{pitia
1279 856 1538 1020 iiiiii&

355 1026 516 1108 episeopus
544 1023 582 1089 de
611 987 835 1108 ’Straseburgo
868 1026 1030 1111 episeopus
1063 1025 1101 1091 de
1130 1026 1277 1105 Baeelea,
1308 1027 1470 1111 episeopus
1499 1026 1538 1091 de

233 1147 241 1164 x
356 1110 454 1195 Spina,
477 1111 639 1194 episeopus
654 1111 692 1175 de
707 1111 919 1194 Reneeburgo,
942 1115 974 1176 et
988 1111 1190 1178 oanoellarius
1212 1112 1421 1196 imperatoria,
1443 1114 1539 1178 abbas

356 1195 504 1274 davolt,
532 1194 676 1261 dominae
705 1198 875 1280 imperator
908 1197 1108 1282 materians)
1141 1200 1174 1262 et
1205 1215 1259 1262 rer
1287 1197 1440 1264 Henrioue
1471 1199 1539 1264 eine

356 1283 439 1348 filine
461 1284 494 1347 et
516 1282 596 1346 alins
618 1283 685 1347 eius
707 1282 799 1360 filine,
822 1283 876 1364 qni
899 1287 948 1348 est
970 1283 1040 1362 dnn,
1063 1282 1101 1348 de
1117 1283 1251 1348 Saronia
1266 1283 1444 1349 Bernardne
1466 1284 1538 1358 dnn,

356 1370 388 1432 et
410 1368 472 1433 dux
494 1367 659 1452 Guelphne
689 1372 722 1432 et
743 1369 806 1433 dur
827 1368 865 1432 de
888 1369 1027 1452 Zerengo
1056 1374 1088 1433 et
1116 1368 1179 1433 dur
1201 1368 1240 1434 de
1257 1369 1400 1436 Boioeria
1429 1374 1462 1435 et
1476 1369 1538 1436 dux

356 1454 394 1518 de
415 1454 577 1519 auetorioo
599 1456 632 1520 et
652 1453 715 1518 dur
737 1453 776 1518 de
798 1453 895 1520 Stiria
924 1460 957 1519 et
977 1454 1040 1519 dur
1064 1455 1102 1519 de
1124 1454 1261 1533 Botmia,
1284 1454 1347 1520 dux
1370 1456 1408 1521 de
1424 1456 1540 1522 Garan-

356 1545 432 1605 tana
457 1543 490 1605 et
517 1538 712 1605 marohionee
740 1539 779 1604 de
801 1539 944 1618 Seronia
973 1540 1089 1606 eoilioet
1109 1541 1247 1626 marohio
1269 1541 1348 1606 ”liris
1384 1545 1416 1606 et
1444 1541 1540 1606 irater

356 1626 423 1691 eine
438 1644 541 1692 oomee
555 1625 657 1702 Dede,
680 1628 712 1691 et
733 1624 933 1708 landegravii
956 1627 1010 1709 qui
1033 1631 1108 1691 eunt
1129 1626 1326 1711 imperatoris
1348 1629 1485 1712 nepotes,
1508 1630 1541 1692 et

356 1710 452 1777 frater
472 1711 677 1795 imperatorie,
699 1730 802 1777 eomes
816 1711 971 1777 Henrioue
994 1711 1032 1776 de
1054 1711 1149 1777 Decio
1162 1716 1203 1777 et
1226 1731 1329 1778 oomee
1351 1713 1389 1777 de
1406 1713 1540 1790 Savolia

356 1797 1124 1967 anatomiammi‘mamaam
1137 1797 1185 1948 ‘ie
1200 1797 1355 1949 itote
1384 1798 1539 1950 tottii

356 1970 571 2052 camerlengus
578 1970 618 2053 *),
640 1969 787 2036 albertus
802 1968 841 2032 de
857 1968 1053 2052 Grognengo
1074 1970 1220 2035 Albertne
1236 1969 1275 2034 de
1289 1970 1483 2054 Adelburgo3
1507 1975 1540 2035 et

356 2074 472 2132 omnes,
502 2055 556 2137 qui
578 2056 694 2119 habent
716 2054 995 2120 ministrationem
1026 2057 1065 2120 ab
1086 2055 1272 2139 imperatore
1298 2056 1332 2120 in
1354 2055 1540 2122 lombardia

356 2142 389 2205 et
402 2140 542 2206 Marohia
563 2144 595 2206 et
608 2141 772 2217 Romania,
792 2140 875 2205 infra
888 2159 1038 2219 mensem,
1060 2159 1097 2206 er
1119 2160 1180 2224 quo
1197 2141 1313 2226 oeperit
1334 2143 1539 2208 aministrare.

357 2225 423 2291 Hee
445 2229 520 2292 eunt
540 2226 668 2292 nonina
688 2225 860 2304 eivitatnm,
887 2246 948 2309 que
971 2227 1086 2292 debent
1106 2229 1209 2292 iurare
1238 2247 1275 2292 er
1296 2233 1384 2312 parte
1405 2229 1540 2312 impere-

356 2310 441 2390 torie,
465 2312 582 2378 eoiiioet
604 2311 765 2389 Cremona,
787 2312 891 2386 Paria.
915 2315 991 2378 Asta
1014 2317 1047 2378 et
1068 2313 1218 2378 Terdona

442 2397 579 2464 Nomina
599 2397 762 2464 eivitatum
785 2401 817 2464 et
838 2399 976 2464 looornm
999 2402 1031 2465 et
1052 2417 1256 2482 personarum
1279 2399 1444 2474 sooietatis,
1466 2418 1539 2464 oum

357 2485 470 2566 qnibne
492 2484 637 2550 dominus
658 2484 825 2568 imperator
846 2484 921 2548 iaoit
947 2485 1142 2550 oonoordiam
1163 2489 1196 2548 et
1217 2503 1278 2568 que
1300 2483 1414 2548 debent
1435 2486 1539 2549 iurare

357 2589 394 2635 er
426 2574 516 2654 parte
548 2569 713 2647 aoeietatie,
745 2569 785 2636 he
818 2572 909 2634 eunt:
947 2568 1101 2646 Veroelle‚
1134 2569 1286 2647 Novaria,
1317 2569 1539 2648 Mediolanum,

355 2655 472 2734 Laude,
493 2656 556 2722 Per
630 2675 693 2733 um,
714 2655 829 2732 Brixia,
850 2655 989 2758 igantna,
1011 2654 1143 2732 Verona,
1158 2653 1441 2752 VioentiaUPadua,
1463 2656 1539 2720 Tar·

356 2675 639 2820 nnunmffl
651 2724 938 2818 Boionialnmola
953 2740 1131 2818 naanoao
1267 2741 1374 2807 ennea
1390 2740 1538 2837 empne,

357 2827 493 2906 Mutina,
515 2827 667 2909 Regium,
689 2825 818 2901 Parma,
838 2826 1000 2892 Plaoentia
1022 2846 1094 2892 eum
1115 2827 1229 2904 Boio,
1251 2827 1338 2912 plebe
1360 2826 1398 2891 de
1421 2826 1540 2893 Graba-

356 2913 474 2992 doum),
495 2912 633 2980 merohio
655 2912 682 2978 0
704 2913 760 2977 ino.

441 2999 596 3065 Dominus
631 2933 806 3063 anienem
835 2998 894 3062 Dei
929 2997 1031 3079 gratia
1059 2997 1272 3064 Romanorum
1305 3000 1474 3083 imperator
1506 3000 1538 3063 et

357 3103 479 3169 semper
503 3087 658 3167 augustae
681 3087 713 3148 et
737 3081 820 3149 filine
846 3083 913 3149 eine
939 3102 993 3148 rex
1013 3083 1167 3149 Henrions
1188 3084 1291 3149 iurare
1314 3084 1406 3149 debet
1426 3103 1483 3168 per
1504 3103 1537 3149 ee

357 3176 412 3235 ant
426 3190 481 3255 per
496 3171 591 3236 aliam
605 3188 779 3267 personam,
801 3169 852 3233 oui
864 3169 1050 3268 nominatim
1064 3170 1244 3252 parabolam
1250 3169 1272 3222 11)
1288 3169 1383 3246 dabit
1404 3172 1441 3234 nt
1455 3169 1538 3268 iuret

355 3275 622 3408 earnem
645 3255 1204 3438 astronomiam
1218 3255 1538 3438 peiorem

355 3447 445 3493 mum
466 3430 633 3493 Aetenmm
654 3427 832 3512 episeopum
854 3429 886 3492 et
908 3426 1120 3492 maromonem
1147 3427 1327 3502 Henrioum,
1350 3445 1403 3508 qm
1425 3426 1538 3492 dieitur

357 3513 517 3591 (ineratus,
541 3516 573 3578 et
583 3512 713 3578 fratrem
727 3511 964 3594 Tederionm**)
987 3511 1201 3576 etRodulfum
1222 3513 1462 3594 oamerlengum,
1484 3514 1537 3596 qni

356 3598 541 3664 mandatum
569 3600 656 3683 paoie
685 3599 863 3663 habuemnt
892 3598 931 3662 ab
960 3598 1158 3681 imperatore,
1192 3604 1224 3662 et
1257 3618 1293 3663 er
1322 3598 1420 3663 altera
1447 3600 1537 3681 parte

356 3687 482 3751 nuntios
504 3684 666 3750 civitatum
696 3687 728 3748 et
748 3683 887 3750 locorum
917 3687 948 3748 et
970 3702 1174 3766 personarum
1197 3683 1368 3758 societate
1400 3687 1431 3748 et
1454 3684 1537 3766 qnod

355 3771 437 3836 bona
457 3771 517 3838 fide
547 3774 579 3835 et
605 3769 671 3835 sine
700 3769 809 3836 fraude
836 3769 930 3836 faoiet
958 3769 1060 3836 iurare
1086 3769 1258 3853 praedictos
1280 3771 1442 3855 prinoipee,
1470 3773 1538 3834 tam

353 3857 481 3924 oleriooe
508 3877 604 3941 quam
630 3857 733 3934 laiooe,
761 3858 794 3919 et
814 3856 929 3920 milites
952 3861 984 3919 et
1005 3856 1148 3921 eonsules
1172 3858 1204 3921 et
1225 3859 1397 3940 potestates
1418 3854 1538 3939 predio-

355 3946 462 4008 ternm
483 3943 653 4020 civitatum,
683 3942 765 4024 quod
786 3942 846 4026 ipei
867 3940 984 4006 faoient
1004 3960 1112 4007 omnes
1134 3941 1275 4007 homines
1304 3960 1359 4006 sue
1381 3941 1536 4006 eredentie

357 4035 389 4094 et
417 4049 518 4095 unum
544 4029 702 4094 hominem
730 4027 764 4093 in
793 4027 918 4112 publiea
939 4027 1083 4093 oonoione
1111 4027 1144 4092 in
1173 4026 1279 4092 anima
1300 4027 1406 4112 populi
1435 4027 1537 4092 iurare

356 4134 412 4199 pro
434 4134 493 4181 ena
513 4115 646 4192 evitate,
669 4113 752 4197 quod
773 4111 936 4178 bonafide
958 4114 1128 4179 servabunt
1148 4133 1257 4198 paoem
1281 4117 1312 4178 et
1333 4112 1536 4190 eoncordiam

446 4305 472 4370 a)
492 4300 656 4359 Gravedona.
692 4301 722 4368 b)
740 4300 901 4384 Vollmaoht.
931 4371 937 4384 ι

429 4374 473 4511 t
487 4371 800 4498 amamti
814 4371 1057 4498 aeream.
