3617 5284
1396 536 1438 598 67

261 725 369 790 pacem
402 705 577 788 infregerit,
617 724 746 769 manum
780 705 909 788 perdere
942 705 1042 770 debet
1094 705 1128 770 Si
1161 705 1232 787 quis
1264 705 1442 789 inculpatus

260 791 608 875 111111ρ1ο111111111
636 809 691 876 pro
718 791 823 874 aliqua
850 792 943 874 culpa
969 791 1060 856 istius
1084 793 1246 874 corruptae
1274 793 1368 876 pacis,
1390 792 1442 856 ille

261 879 294 941 in
316 898 377 959 quo
400 897 460 961 pax
482 879 628 961 corrupta
656 880 705 941 est
727 876 821 942 vadat
849 877 888 940 ad
911 877 1105 960 parrochiam
1129 877 1273 952 accusati,
1307 881 1339 942 11
1361 872 1451 942 dicat'

261 965 390 1047 populo:
424 965 482 1028 Ille
505 964 543 1027 N.
565 964 598 1026 in
626 963 686 1027 hac
711 982 745 1026 re
767 963 905 1046 corrupit
926 982 1035 1046 pacem
1061 963 1094 1026 in
1124 982 1181 1026 me.
1240 963 1282 1026 Et
1303 963 1357 1027 det
1384 962 1442 1027 eibi

260 1049 400 1114 inducias
421 1069 478 1132 per
499 1048 735 1132 quatuordecim
757 1048 830 1114 dies.
876 1049 994 1114 sinon
1017 1049 1162 1112 habuerit
1182 1048 1340 1113 iusticiam
1360 1049 1443 1113 infra

263 1135 498 1217 quatuordecim
520 1135 593 1212 dies,
616 1135 750 1199 secundo
771 1135 950 1200 inducietur
964 1135 1022 1198 sibi
1043 1153 1099 1217 per
1114 1135 1349 1215 quatuordecim
1367 1135 1442 1211 dies,

261 1227 294 1286 et
314 1220 409 1286 tercio
432 1221 486 1285 det
508 1221 566 1286 sibi
587 1220 727 1286 inducias
749 1240 804 1304 per
820 1220 1055 1303 quatuordecim
1071 1220 1153 1295 dies;
1177 1223 1209 1284 et
1224 1221 1249 1284 si
1264 1221 1443 1305 inculpatus

240 1307 300 1370 'ad
323 1306 568 1372 satisfactionem
596 1326 659 1372 non
688 1307 814 1379 venerit
846 1326 919 1371 reus
946 1307 987 1370 sit
1020 1310 1183 1388 corruptae
1204 1306 1297 1389 pacis.
1356 1307 1443 1371 Haec

261 1411 321 1476 pax
342 1393 536 1475 1111111111
564 1391 681 1476 pascha
709 1394 741 1456 et
763 1411 781 1456 a
803 1393 941 1476 proximo
967 1392 1084 1475 pascha
1111 1410 1212 1473 usque
1240 1392 1279 1455 ad
1308 1411 1443 1474 sequens

260 1479 379 1562 pascha
399 1497 582 1565 permanere
605 1477 738 1560 doceor)

350 1563 475 1647 Siquis
499 1564 602 1628 minus
631 1582 727 1646 quam
754 1564 917 1646 sexaginta
943 1563 1062 1628 denarii
1083 1564 1208 1627 valeant
1229 1563 1359 1640 furetur,
1390 1565 1443 1628 de·

262 1651 378 1735 piletur
400 1652 432 1714 et
453 1650 548 1732 virgis
571 1650 749 1726 1111111111,
773 1651 858 1715 etin
881 1653 1014 1731 utraque
1036 1649 1164 1714 maxilla
1184 1649 1265 1713 ferro
1289 1649 1443 1731 usquead

263 1738 372 1802 dentes
395 1739 513 1800 uratur.
570 1735 604 1800 si
625 1736 696 1818 quis
724 1737 883 1818 sexaginta
911 1736 1052 1800 denarios
1075 1736 1123 1800 vel
1145 1734 1217 1819 plns
1239 1755 1335 1818 quam
1358 1754 1444 1799 sexa-

265 1823 352 1904 ginta
373 1821 492 1886 denarii
513 1822 638 1886 valeant
659 1822 790 1898 furetur,
815 1841 928 1886 manus
951 1822 978 1886 11
1001 1821 1169 1885 abcidatur.
1224 1820 1315 1884 Hauc
1336 1841 1444 1904 pacem

262 1907 478 1990 unusquisque
500 1911 572 1972 ante
594 1908 770 1992 proximum
791 1908 908 1973 festum
930 1913 1056 1971 sanctae
1078 1907 1195 1971 Mariae
1219 1907 1311 1971 debet
1332 1907 1443 1984 iurare,

263 1994 312 2058 vel
344 2013 416 2058 cum
444 1994 619 2059 iuramento
653 1997 774 2078 septem
806 1994 963 2059 veracium
985 2011 1061 2058 suae
1089 1992 1275 2057 condicionis
1307 1993 1444 2057 virorum

263 2080 355 2145 debet
376 2095 409 2145 se
432 2098 611 2164 expurgare,
634 2080 717 2162 qnod
730 2080 797 2164 ipse
818 2100 881 2144 non
903 2079 1037 2144 audierit
1059 2079 1217 2161 abaliquo
1239 2079 1320 2143 hano
1334 2097 1444 2162 pacem

264 2185 331 2230 esse
353 2165 505 2238 iuratam;
536 2166 590 2248 qui
612 2166 671 2231 hoc
690 2186 754 2231 non
775 2165 882 2230 feccrit
903 2184 1034 2231 manum
1056 2163 1174 2249 perdat.
1230 2163 1261 2228 Si
1285 2164 1356 2246 quis
1378 2184 1444 2229 cor·

262 2252 381 2335 ruperit
402 2252 496 2316 istam
517 2269 635 2336 paoem,
669 2255 700 2316 et
722 2251 878 2334 aufugerit
907 2255 939 2316 et
967 2252 1064 2316 latere
1093 2250 1227 2316 voluerit
1256 2250 1353 2315 donec
1381 2251 1444 2315 ista

262 2357 323 2421 pax
343 2337 509 2415 transierit,
532 2337 559 2402 si
580 2337 765 2420 quandoque
787 2357 930 2402 reversus
953 2338 1055 2415 luerit
1078 2335 1208 2400 eandem
1230 2356 1344 2419 penam
1359 2338 1444 2420 paci·

263 2431 342 2500 atur,
364 2443 460 2505 quam
481 2423 572 2488 modo
594 2424 660 2507 pati
682 2423 815 2490 deberet.
872 2423 905 2489 Si
934 2423 1004 2506 quis
1026 2423 1160 2488 noluerit
1185 2423 1288 2487 iurare
1318 2422 1442 2488 dicens:

263 2509 341 2573 nulli
364 2528 466 2586 noceo,
489 2529 546 2573 nec
568 2509 735 2592 quisquam
757 2513 848 2576 nocet
869 2510 964 2573 11111111
988 2512 1019 2573 11
1041 2509 1095 2591 qni
1117 2509 1218 2573 sciens
1233 2511 1444 2592 corruptorem

264 2595 347 2678 pacis
375 2594 497 2679 paverit
525 2595 573 2658 vel
602 2596 753 2679 receperit
789 2597 838 2660 vol
865 2598 989 2659 tutatus
1017 2594 1118 2670 fuerit,
1150 2595 1201 2658 vel
1229 2614 1284 2677 pro
1313 2594 1445 2677 pecunia

263 2682 312 2746 vel
333 2681 436 2764 aliquo
459 2680 550 2746 modo
573 2680 720 2764 aufugere
744 2701 816 2747 eum
838 2681 1022 2765 permiserit,
1055 2680 1186 2745 eandem
1208 2699 1321 2763 penam
1348 2700 1444 2763 quam

262 2767 390 2832 violator
418 2767 504 2852 pacis
533 2767 636 2832 subire
665 2767 764 2832 debet
821 2767 853 2832 Si
884 2767 955 2849 quis
981 2770 1141 2850 corruptor
1169 2766 1255 2850 pacis
1283 2765 1447 2849 aufugerit,

169 2891 175 2902 ·
263 2851 324 2918 dux
346 2853 395 2918 vel
410 2872 514 2919 comes
529 2853 577 2917 vel
595 2851 771 2930 advocatus,
792 2854 842 2918 vel
858 2852 989 2936 quilibet
1002 2855 1104 2918 rector
1118 2853 1176 2916 sub
1192 2851 1280 2916 cuius
1294 2852 1446 2933 regimine

264 2940 349 3022 prius
371 2939 482 3016 luerat
505 2938 631 3022 praedia
653 2939 809 3005 violatoris
832 2939 916 3023 pacis
940 2938 1061 3004 auferat
1083 2941 1115 3003 et
1132 2939 1272 3003 obtineat
1294 2941 1361 3002 tam
1383 2938 1448 3015 diu,

264 3043 358 3106 quam
380 3024 435 3088 diu
457 3028 617 3108 corruptor
639 3026 724 3110 pacis
748 3025 838 3102 vivat,
862 3028 894 3090 et
915 3028 987 3110 post
1001 3024 1190 3107 corruptoris
1211 3023 1296 3108 pacis
1311 3027 1445 3089 mortem

263 3110 469 3175 hereditatem
503 3110 632 3176 heredes
662 3112 728 3176 eius
762 3113 979 3193 assequantur.
1032 3109 1186 3175 Dominus
1212 3112 1317 3174 autem
1340 3128 1360 3173 1
1382 3130 1443 3193 quc

262 3195 410 3260 beneficia
432 3196 562 3261 violator
589 3196 674 3280 pacis
696 3197 838 3274 obtinuit,
872 3197 1021 3261 beneficia
1042 3197 1171 3260 auferat.
1227 3195 1260 3259 Si
1283 3200 1445 3279 corruptor

262 3283 347 3365 pacis
370 3301 402 3346 se
430 3281 463 3345 in
494 3281 599 3364 aliqua
619 3283 794 3348 municione
825 3283 1027 3358 absconderit
1060 3279 1113 3346 llle
1138 3281 1171 3345 in
1200 3300 1262 3363 quo
1294 3301 1355 3365 pax
1384 3281 1445 3346 luit

262 3369 414 3452 corrupta
447 3367 542 3432 111111
570 3369 653 3453 apud
682 3371 833 3453 populum
862 3368 1145 3453 proclamationem
1175 3370 1208 3431 et
1237 3372 1444 3450 persequatur

261 3473 351 3551 reum
372 3473 428 3537 per
449 3473 549 3517 unum
564 3454 648 3553 diem
670 3460 701 3520 et
723 3475 778 3540 per
799 3459 932 3532 noctem,
955 3457 986 3519 et
1008 3473 1080 3518 cum
1101 3453 1215 3550 populo
1233 3453 1443 3550 municionem

259 3538 1094 3723 11111111111111111111111111
1111 3559 1443 3690 anastasius

260 3709 484 3776 destruendum
507 3713 671 3777 castellum
695 3713 869 3778 advocetur.
916 3712 949 3777 Sr
970 3729 1040 3794 quis
1062 3731 1134 3776 cum
1156 3711 1276 3792 laqueis
1299 3711 1349 3774 vel
1370 3731 1443 3774 cum

260 3796 380 3880 pedica,
417 3815 513 3896 quam
535 3799 628 3880 vulgo
658 3799 756 3864 drdoh
786 3798 927 3876 dicimus,
960 3797 1113 3862 silvestria
1139 3796 1292 3872 animalia
1327 3796 1444 3893 scilicet

259 3883 732 4052 gffirilrshslgrlrsssozmntiaapffuagd
755 3884 1442 4052 11018111011)8111111111Υθρῗοεθεὶεεοὲτῐθέἓτοοῖξξὲξ

259 4055 292 4118 in
315 4073 378 4136 qua
397 4054 464 4118 fera
485 4059 577 4138 capta
598 4056 701 4134 luerit,
722 4075 851 4121 manum
874 4057 976 4120 eidem
997 4056 1046 4120 vel
1069 4055 1231 4118 dimidiam
1252 4054 1366 4119 libram
1387 4055 1441 4119 de-

259 4140 418 4205 nariorum
438 4159 494 4224 pro
516 4161 613 4207 manu
636 4143 764 4208 auferat.
808 4142 1013 4226 llroipiuntur
1034 4140 1193 4205 advocatio
1209 4187 1216 4202 .
1231 4187 1238 4202 .
1254 4188 1284 4203 ..

270 4271 477 4279 .—...-.—..—.

349 4315 375 4379 *l
401 4311 671 4436 Herzoerp-manrel
697 4329 719 4366 a
749 4329 772 4367 a.
796 4311 827 4367 Ο,
851 4313 877 4366 S.
903 4315 953 4365 160
977 4311 1104 4374 zveifelt‚
1129 4311 1161 4364 ob
1187 4309 1238 4363 mit
1265 4310 1350 4364 dieser
1376 4311 1444 4364 Zeit·

257 4383 500 4524 ggffirpusrirlgdein
536 4382 585 4437 ahr
609 4384 664 4438 und
688 4385 730 4437 ein
749 4382 886 4436 Bmchteil
913 4382 977 4436 oder
995 4382 1056 4436 11111
1074 4381 1156 4434 Jahre
1174 4380 1229 4434 und
1247 4379 1289 4434 ein
1307 4381 1445 4436 Bruchteil

861 4546 954 4554 ⁴--..-—§

1236 4557 1276 4619 5*
