3617 5284
386 536 429 600 bl)

386 706 510 783 tuenda
533 707 591 771 boc
605 706 690 790 pacis
706 706 866 770 decretam
881 709 1033 782 teneatur,
1055 710 1210 787 quatenus
1224 706 1407 772 iterantium
1421 707 1566 789 domique

384 793 579 856 manentium
603 791 779 856 securitatis
792 791 832 856 sit
854 792 1014 856 tutissima
1035 791 1169 868 traditio,
1192 796 1229 856 ut
1250 792 1340 856 cedes
1363 797 1395 857 et
1415 792 1565 870 incendia,

384 876 495 960 predas
517 880 550 942 et
572 879 709 942 assultus
731 896 823 942 nemo
844 877 946 954 faciat
967 896 1058 942 nemo
1080 876 1163 942 fuste
1185 880 1242 942 ant
1263 877 1365 960 gladio
1380 881 1436 942 aut
1459 879 1563 960 aliquo

385 982 542 1028 armorum
565 981 676 1044 genere
699 981 888 1046 quemquam
911 963 1003 1039 ledat,
1037 966 1069 1026 et
1095 982 1187 1028 nemo
1215 964 1358 1045 quamvis
1388 964 1480 1047 culpa
1507 965 1565 1028 fai-

387 1051 503 1113 cosus·¹
521 1050 560 1113 ab
576 1048 710 1114 adventu
725 1047 852 1113 Domini
866 1068 967 1130 usque
981 1047 1015 1112 in
1029 1051 1154 1113 octavas
1167 1049 1338 1133 epiphanie,
1361 1053 1393 1113 et
1407 1068 1426 1113 a
1440 1053 1566 1133 septua-

384 1134 503 1216 gesima
537 1154 637 1216 usque
677 1135 709 1198 in
746 1137 884 1199 octavas·
904 1137 1100 1218 pentecostes
1133 1135 1241 1199 tollere
1275 1154 1362 1199 arma
1394 1140 1565 1218 presumat

384 1223 517 1296 scutum,
540 1221 589 1284 vel
611 1219 750 1302 gladium
772 1221 821 1284 vel
841 1222 984 1285 lanceam
1006 1220 1056 1284 vel
1077 1219 1289 1302 cuiuscunque
1312 1239 1439 1304 prorsus
1461 1239 1564 1286 arma·

383 1308 473 1370 turae
499 1306 660 1370 sarcinum
719 1305 869 1370 Similiter
900 1307 934 1369 in
956 1305 1084 1387 reliquis
1106 1305 1230 1383 diebus,
1264 1306 1377 1371 idemb
1399 1306 1560 1371 dominicis

383 1391 493 1474 quintu
516 1394 547 1456 et
569 1393 656 1455 sexta
678 1391 761 1467 feria,
796 1393 925 1456 sabbato
954 1391 1100 1473 omnique
1122 1391 1228 1478 vigilia
1257 1391 1468 1476 apostolorum
1489 1412 1562 1457 cum

383 1476 432 1540 die
455 1476 664 1559 subsequenti,
699 1481 730 1542 et
751 1477 835 1541 omni
865 1477 914 1542 die
942 1477 982 1541 ad
1003 1476 1206 1542 ieiunandum
1228 1477 1292 1541 sive
1314 1477 1490 1542 feriandum
1511 1497 1563 1542 oa-

383 1562 491 1627 nonice
515 1565 635 1628 statuta
657 1563 705 1626 vel
727 1563 894 1628 statuenda
916 1583 978 1628 non
1000 1562 1073 1626 licet
1094 1581 1183 1626 arma
1204 1563 1284 1627 ferre
1306 1563 1366 1628 nisi
1381 1564 1471 1644 longe
1487 1583 1564 1629 eun·

383 1647 475 1726 tibus,
509 1667 546 1713 ea
567 1651 674 1713 tamen
695 1648 868 1713 conditione
890 1653 928 1713 ut
949 1648 1027 1712 nulli
1049 1649 1187 1730 quolibet
1215 1649 1307 1714 modo
1337 1649 1488 1714 lesionem
1516 1649 1565 1714 iu·

383 1734 470 1799 ferat.
524 1734 557 1799 si
579 1753 704 1800 necesse
732 1734 828 1798 fuerit
849 1734 942 1800 alicui
966 1734 1048 1798 infra
1069 1734 1210 1818 spacium
1231 1734 1390 1800 condictae
1419 1735 1504 1818 pacis
1532 1736 1565 1800 in

383 1819 480 1884 alium
502 1821 612 1896 locum,
646 1839 707 1902 quo
728 1839 788 1904 pax
810 1821 872 1885 ista
893 1839 956 1884 non
978 1820 1166 1897 observetur,
1201 1821 1254 1897 ire,
1287 1839 1376 1884 arma
1397 1820 1485 1894 ferat
1521 1821 1566 1886 ita

382 1908 489 1970 tamen
511 1925 551 1970 ne
574 1905 666 1970 alicui
687 1908 805 1981 noceat
827 1906 887 1970 nisi
912 1905 1110 1990 inpugnetur,
1132 1912 1170 1970 ut
1192 1925 1225 1970 se
1244 1906 1398 1978 defendat.
1420 1925 1565 1972 reversus

383 1994 489 2055 eutem
511 1991 626 2056 iterum
656 2009 743 2056 arma
768 1990 912 2074 deponat
966 1991 1000 2056 Si
1029 1991 1194 2074 contigerit
1221 1996 1259 2056 ut
1288 1993 1453 2056 castellum
1482 1992 1564 2057 obsi·

382 2077 500 2152 deutur,
523 2096 578 2160 per
593 2075 658 2142 dies
672 2077 726 2159 qui
747 2076 828 2140 infra
841 2095 951 2160 paoem
963 2077 1177 2159 comprehensi
1192 2080 1268 2142 sunt
1285 2079 1324 2142 ab
1338 2077 1564 2161 inpugnatione

383 2165 512 2239 cessent,
534 2162 595 2226 nisi
618 2164 656 2227 ab
677 2163 811 2227 obsessis
833 2162 1058 2247 impugnentur
1079 2166 1111 2226 et
1132 2181 1306 2246 repugnare
1328 2168 1488 2246 cogantur.

467 2277 508 2340 Et
529 2295 569 2340 ne
590 2276 667 2340 haec
689 2275 773 2358 pacis
804 2278 925 2340 statuta
953 2276 1077 2341 traditio
1107 2277 1258 2358 aquavis
1287 2295 1421 2359 persona
1445 2278 1563 2361 inpune

381 2363 520 2438 violetur,
544 2362 582 2426 ab
604 2362 746 2427 omnibus
770 2361 853 2426 dicta
875 2365 924 2426 est
945 2361 1117 2427 sententia:
1141 2362 1173 2426 Si
1197 2362 1275 2426 liber
1289 2364 1338 2427 vel
1359 2363 1471 2428 nobilis
1494 2383 1564 2428 eam

382 2447 549 2525 violaverit,
563 2445 646 2511 idem
654 2448 675 2498 u
688 2446 714 2511 si
726 2446 927 2512 homicidium
938 2448 1045 2512 fecerit
1059 2449 1115 2511 aut
1128 2446 1264 2530 aliquem
1276 2449 1492 2525 vulneraverit
1508 2453 1564 2513 aut

382 2534 442 2598 alio
465 2533 604 2615 quolibet
622 2531 713 2596 modo
730 2532 938 2609 defectaverit,
961 2533 1079 2614 absque
1101 2534 1186 2597 omni
1209 2536 1393 2618 sumptuum
1409 2538 1464 2598 aut
1486 2534 1564 2598 ami-

382 2639 489 2684 corum
504 2617 729 2683 interventione
743 2617 857 2682 finibus
873 2619 1041 2683 confinium
1052 2638 1182 2683 suorum
1196 2619 1377 2702 expellatur,
1394 2621 1560 2703 totumque

380 2705 524 2788 predium
540 2703 606 2769 eius
621 2703 749 2769 heredes
765 2705 814 2769 sui
829 2705 950 2780 tollant,
966 2707 997 2768 et
1012 2706 1038 2769 si
1050 2705 1235 2768 beneficium
1246 2705 1399 2781 habuerit
1414 2705 1561 2771 dominus

382 2791 421 2854 ad
445 2811 541 2873 quem
562 2790 699 2874 pertinet
719 2790 796 2853 illud
820 2791 960 2873 accipiat
1005 2789 1038 2854 Si
1054 2808 1126 2854 vero
1148 2789 1278 2855 heredes
1301 2791 1351 2854 ani
1373 2791 1491 2873 aliquid
1513 2792 1560 2855 illi

379 2881 547 2960 postquam
574 2876 720 2959 expulsus
742 2874 837 2940 fuerit
859 2875 1034 2940 subsidium
1056 2877 1089 2939 et
1110 2875 1361 2940 sustentaculum
1382 2877 1561 2961 inpendisse

379 2961 498 3026 inventi
513 2962 630 3026 fuerint
644 2962 677 3025 et
691 2961 830 3038 convicti,
845 2961 988 3045 predium
998 2960 1061 3025 illis
1074 2960 1241 3037 auferatur,
1258 2963 1290 3025 et
1300 2961 1403 3043 regiae
1415 2961 1561 3045 dignitati

380 3047 582 3131 mancipetur.
637 3045 727 3126 Quod
757 3047 784 3111 si
811 3065 844 3111 se
872 3046 911 3111 de
934 3047 1062 3112 obiectis
1084 3065 1218 3130 purgare
1243 3047 1384 3126 voluerit
1416 3051 1562 3125 cum12‚

381 3133 436 3216 qui
458 3151 536 3215 eque
569 3132 687 3196 nobiles
721 3151 757 3196 ac
788 3131 877 3198 liberi
910 3132 1028 3197 fuerint
1059 3133 1150 3197 iuret
1208 3131 1242 3197 si
1275 3152 1383 3198 servus
1415 3133 1561 3199 occiderit

380 3218 546 3294 hominem,
569 3217 753 3292 deoolletur;
777 3218 803 3281 si
826 3218 1043 3294 vulneraverit
1071 3237 1169 3282 mauu
1191 3216 1300 3283 dextra
1321 3221 1500 3293 truncetur;
1535 3220 1563 3284 si

381 3304 439 3369 elio
461 3305 553 3369 modo
576 3303 625 3368 vel
646 3322 750 3387 pugno
766 3304 813 3368 vel
835 3302 938 3387 lapide
960 3305 1025 3370 sive
1046 3303 1130 3368 fuste
1147 3305 1196 3368 vel
1219 3304 1357 3386 quolibet
1378 3305 1470 3370 modo
1491 3325 1563 3390 per·

381 3390 525 3456 cutiendo
558 3389 765 3466 defectaverit,
797 3391 976 3454 verberetur
1002 3393 1034 3454 et
1055 3389 1265 3474 decapilletur.
1326 3389 1360 3456 Si
1382 3393 1489 3456 autem
1511 3393 1562 3456 cui

381 3477 556 3560 imputatur
578 3493 611 3540 se
633 3475 830 3540 innocentem
851 3477 1134 3559 probarevoluerit
1158 3476 1269 3541 iudicio
1292 3495 1373 3558 aque
1394 3475 1506 3561 frigide
1528 3498 1562 3543 se

383 3564 540 3647 expurget,
563 3560 610 3626 ita
629 3563 737 3625 tamen
757 3563 795 3625 ut
815 3561 881 3645 ipse
905 3564 937 3626 et
950 3580 1042 3627 nemo
1065 3562 1144 3626 alius
1166 3581 1222 3646 pro
1245 3582 1280 3627 eo
1302 3563 1334 3626 in
1351 3581 1466 3645 aquam
1488 3564 1561 3629 mit

383 3652 476 3713 tatur.
532 3647 566 3713 Si
593 3649 699 3712 autem
724 3649 839 3712 timens
869 3647 1020 3712 iudicium
1050 3647 1133 3729 quod
1167 3647 1201 3712 in
1229 3667 1302 3713 eum
1332 3648 1486 3713 dictatum
1513 3653 1563 3715 est

383 3734 547 3818 aufugerit,
569 3735 737 3816 perpetuae
760 3733 1068 3798 excommunicationi
1083 3733 1249 3810 subiaceat,
1272 3739 1304 3798 et
1325 3735 1357 3799 in
1377 3755 1563 3818 quocunqne

382 3822 447 3886 loco
482 3819 608 3885 auditus
636 3817 743 3896 fuerit,
775 3821 945 3884 mittantur
976 3820 1050 3885 illue
1074 3820 1177 3897 litere,
1211 3821 1326 3903 quibus
1358 3819 1561 3886 denuntietur

381 3908 472 3972 illum
495 3905 795 3971 excommunicatum
823 3924 890 3970 esse
921 3908 953 3970 et
974 3905 1057 3988 quod
1079 3925 1151 3970 cum
1173 3925 1208 3971 eo
1230 3907 1310 3972 nulli
1333 3909 1563 3973 communicare

383 3995 483 4058 liceat.
526 3991 597 4056 Non
620 3990 712 4056 debet
733 3993 887 4056 truncatio
903 4011 1055 4056 manuum
1077 3993 1109 4056 in
1123 3992 1229 4075 pueris
1249 3992 1326 4069 fieri,
1349 3994 1403 4074 qui
1424 3993 1564 4058 nondum

384 4082 500 4144 etatem
522 4077 685 4142 duodecim
706 4095 858 4141 armornm
880 4078 1094 4161 impleverint3
1129 4077 1155 4142 si
1187 4078 1241 4160 qui
1270 4079 1351 4142 banc
1377 4079 1564 4161 transgressi

384 4167 466 4242 sunt,
487 4162 584 4248 pueri,
606 4165 731 4226 tantum
753 4162 932 4227 verberibus
954 4163 1153 4245 castigentur.
1189 4163 1261 4227 Non
1282 4164 1425 4246 infringit
1446 4183 1564 4249 paoem

384 4251 504 4334 siquis
533 4249 766 4331 delinquentem
793 4267 919 4314 servum
941 4249 990 4314 vel
1019 4249 1207 4334 discipulum
1229 4250 1278 4314 vel
1307 4251 1447 4333 quolibet
1471 4251 1563 4316 modo

472 4375 594 4383 -...-—

471 4420 496 4487 a)
516 4418 628 4472 faicosus
648 4418 816 4472 :faidosus
836 4437 857 4472 v.
877 4419 959 4484 faida,
978 4419 1119 4488 derjenige,
1137 4419 1248 4474 walchen
1266 4419 1458 4489 rechtmtssige
1475 4420 1564 4476 Pcbde

383 4490 483 4544 erhebt
519 4490 547 4558 b)
566 4488 735 4542 vermutlicb:
754 4488 782 4542 id
801 4494 856 4556 est;
875 4507 903 4543 so
923 4490 990 4543 erich
1008 4490 1057 4542 das
1074 4489 1172 4545 Kdlnar
1189 4489 1361 4545 Instrument-
