3617 5284
1380 467 1419 529 31

242 636 403 701 decernere
425 655 522 720 posse,
555 637 613 701 nisi
641 640 683 712 ut,
716 640 877 719 separatus
907 637 946 700 ab
973 636 1111 710 ecelesia,
1143 635 1175 698 in
1208 637 1417 700 excommuni-

243 725 381 786 catorum
403 722 554 786 consortio
576 723 664 798 foret,
686 742 758 786 cum
774 723 887 803 quibus
901 723 967 804 ipse
982 721 1085 804 potius
1101 739 1196 802 quam
1211 741 1284 784 cum
1299 721 1422 786 Christo

243 809 354 872 habere
377 811 498 890 partem
520 807 651 890 delegit;
676 827 757 884 sane,
780 809 806 871 si
828 812 936 872 nostra
956 807 1074 871 monita
1096 807 1251 889 suscipere
1273 811 1306 870 et
1325 809 1422 871 vitam

243 911 332 957 suam
348 893 498 975 corrigere
513 894 614 970 vellet,
630 894 731 958 Deum
747 897 860 958 testem
874 894 1083 957 invocavimus
1095 929 1136 938 -
1149 898 1181 956 et
1190 893 1368 958 invocamus
1380 932 1420 938 —

243 983 396 1060 quantum
418 999 475 1043 nos
503 979 541 1043 de
570 981 637 1044 eius
665 980 766 1044 salute
796 983 827 1044 et
856 981 971 1043 honore
994 978 1209 1060 gauderemus,
1243 983 1276 1042 ot
1304 985 1422 1060 quauta

243 1066 370 1128 cariata
392 1085 464 1129 eum
486 1066 517 1128 in
542 1066 695 1148 gremium
717 1069 842 1130 sanctae
864 1065 1009 1129 ecclesiae
1028 1065 1293 1147 amplecteremur,
1315 1068 1422 1148 utpote

243 1169 324 1227 euru,
347 1151 413 1232 qui,
431 1152 580 1234 princeps·
594 1153 699 1234 populi
725 1151 914 1216 constitutus
936 1154 968 1214 et
989 1150 1171 1232 amplissimi
1194 1151 1281 1231 regni
1311 1153 1422 1232 guber-

243 1237 353 1299 nacula
374 1239 492 1313 tenens,
515 1238 682 1302 catholicae
704 1237 787 1320 pacis
811 1240 842 1300 et
862 1237 999 1300 iustitiae
1021 1235 1162 1300 defensor
1191 1255 1259 1300 esse
1288 1237 1422 1300 deberet.

328 1339 445 1402 Verum
469 1341 576 1421 quanti
598 1341 663 1423 ipse
686 1344 740 1404 aut
762 1340 876 1422 scripta
899 1343 954 1402 aut
975 1359 1030 1422 per
1058 1339 1177 1418 legatos
1199 1339 1295 1402 missa
1317 1344 1423 1404 nostra

243 1425 334 1488 rerba
349 1425 464 1502 fecerit,
486 1427 552 1490 eius
574 1426 656 1490 fecte
677 1426 843 1490 declarant.
880 1425 949 1504 Qui,
971 1425 1096 1506 indigne
1117 1423 1228 1502 ferens,
1251 1443 1284 1487 se
1306 1445 1325 1488 a
1347 1445 1423 1507 quo-

244 1529 338 1591 quam
361 1511 543 1594 reprehendi
566 1515 620 1575 aut
642 1513 759 1595 corripi,
791 1531 852 1575 non
881 1513 982 1576 solum
1005 1529 1023 1574 a
1044 1511 1228 1595 perpetratis
1257 1511 1296 1574 ad
1318 1531 1422 1575 emen-

243 1597 397 1661 dationem
430 1599 564 1662 revocari
597 1618 659 1661 non
691 1599 806 1680 potuit,
842 1598 905 1674 sed,
939 1597 1078 1679 ampliori
1111 1596 1314 1660 conscientiae
1347 1617 1422 1661 suae

243 1681 345 1746 lurore
368 1685 519 1766 arreptus,
540 1703 602 1748 non
626 1684 711 1765 prius
734 1684 872 1758 cessavit,
894 1683 992 1746 donec
1014 1683 1179 1765 episcopos,
1210 1701 1288 1764 pene
1314 1701 1422 1746 omnes

244 1769 273 1830 iu
296 1768 395 1845 Italia,
417 1769 448 1832 in
471 1769 646 1834 Teutonicis
668 1790 739 1834 uero
762 1769 901 1852 partibus
924 1772 1077 1850 quotquot
1095 1768 1204 1851 potuit,
1227 1769 1308 1831 circa
1330 1769 1421 1832 tidem

243 1853 357 1918 Christi
379 1855 563 1936 naufragare
586 1855 666 1932 fecit,
689 1855 764 1918 dum
788 1854 996 1919 condebitam
1018 1855 1108 1917 beato
1131 1853 1224 1917 Petro
1247 1857 1279 1917 et
1301 1859 1422 1936 aposto-

243 1939 318 2002 licae
341 1941 405 2004 sedi
428 1940 633 2005 obedientiam
655 1945 687 2006 et
705 1942 861 2016 honorem,
885 1959 903 2003 a
926 1940 1048 2005 domino
1070 1943 1176 2003 nostro
1197 1939 1276 2003 Jesu
1299 1940 1421 2005 Christo

243 2044 431 2102 concessum,
454 2027 606 2108 abnegare
629 2027 787 2108 subegit.·>

328 2128 409 2193 Cum
429 2128 526 2210 igitur
548 2130 745 2212 iniquitatem
774 2129 840 2192 eins
863 2127 901 2192 ad
925 2145 1085 2191 summum
1107 2128 1256 2210 prodiisse
1278 2128 1421 2206 uidimus,

242 2233 297 2296 pro
318 2215 367 2279 his
390 2216 491 2278 causis
513 2253 554 2260 —
579 2216 719 2280 videlicet
741 2215 885 2298 primurn,
909 2214 991 2295 quod
1014 2213 1052 2276 ab
1076 2233 1182 2278 eorum
1198 2215 1421 2290 communione,

244 2301 297 2381 qui
329 2321 384 2384 pro
417 2301 575 2382 sacrilegio
609 2305 640 2365 et
666 2305 756 2365 reatu
781 2299 966 2364 simoniacae
997 2299 1133 2363 haeresis
1166 2301 1421 2364 excommunicati

244 2389 332 2463 suut,
365 2406 398 2451 se
433 2387 586 2451 abstinere
613 2387 729 2461 noluit;
763 2387 872 2450 deinde
906 2385 989 2467 quod
1017 2405 1071 2468 pro
1097 2384 1269 2448 criminosis
1302 2387 1421 2450 actibus

243 2471 323 2535 ritae
340 2491 414 2536 snae
431 2473 654 2556 poenitentiam
664 2492 726 2536 non
738 2473 804 2536 dico
817 2471 972 2554 suscipere
991 2471 1045 2534 sed
1056 2489 1114 2534 nec
1124 2472 1305 2553 promittere
1315 2473 1422 2548 uoluit,

243 2558 378 2622 mentita¹
397 2577 433 2622 ea
454 2559 682 2641 poenitentiali,
720 2577 815 2641 quem
837 2558 868 2621 in
897 2575 1010 2620 manus
1039 2557 1214 2637 legatorum
1244 2560 1421 2622 nostrorum

242 2644 440 2724 promiserat;
462 2663 602 2709 necnon
626 2644 707 2727 quod
730 2663 840 2726 cerpus
857 2643 972 2707 Christi
993 2643 1026 2706 id
1048 2645 1096 2706 est
1118 2643 1271 2706 unitatem
1294 2647 1420 2706 sanctae

243 2729 387 2793 ecclesiae
410 2730 548 2794 scindere
570 2750 631 2796 non
655 2730 828 2812 expavit-
843 2749 898 2813 pro
921 2729 978 2804 hie,
1000 2729 1137 2809 inquam,
1160 2729 1257 2810 culpis
1281 2728 1420 2810 synodali

241 2813 351 2880 iudicio
373 2834 445 2879 eum
468 2817 817 2889 excommunicavimus3
852 2818 895 2890 ut,
929 2834 1021 2896 quem
1050 2814 1142 2877 mites
1170 2834 1232 2877 non
1254 2814 1421 2896 potuimus,

242 2900 289 2963 rel
312 2902 408 2965 severi
431 2901 469 2965 ad
492 2902 574 2965 riam
597 2903 707 2966 salutis
729 2902 794 2966 Deo
818 2901 983 2964 adiuvante
1005 2919 1147 2962 revocare
1168 2900 1335 2976 valeamus,
1358 2904 1421 2977 arri,

243 2985 268 3048 si
291 2986 373 3067 quod
395 2987 476 3051 absit
497 3007 536 3052 ne
552 2988 751 3052 districtionis
767 2987 893 3069 quidem
911 3005 1075 3050 censuram
1088 2985 1291 3067 pertimuerit,
1313 2989 1422 3051 nostra

243 3072 355 3136 saltem
377 3073 481 3138 anima
502 3073 709 3156 negligentiae
732 3077 787 3137 aut
809 3073 930 3136 timoris
952 3071 1120 3135 discrimini
1146 3090 1208 3134 non
1230 3072 1421 3136 succumbat

329 3187 361 3251 Si
395 3189 465 3270 quis
493 3189 589 3271 igitur
622 3189 702 3252 hanc
734 3188 922 3252 sententiam
954 3187 1068 3249 iniuste
1091 3186 1139 3249 vel
1172 3186 1422 3250 irrationabiliter

242 3273 395 3353 prolatam
417 3293 484 3338 esse
506 3273 669 3358 putauerit,
692 3273 719 3337 si
740 3274 812 3337 talis
829 3275 884 3350 est,
905 3277 943 3336 ut
957 3272 1052 3336 sacris
1068 3272 1183 3352 regulis
1198 3271 1421 3354 intelligentiae

242 3377 370 3422 sensum
390 3361 536 3443 praebere
559 3361 640 3436 velit,
674 3359 836 3424 nobiscum
858 3360 930 3422 inde
953 3360 1026 3439 agat
1048 3362 1079 3420 et
1101 3395 1142 3401 —
1165 3377 1226 3420 non
1254 3357 1329 3438 quid
1355 3378 1421 3434 nos,

243 3444 296 3507 sed
320 3445 393 3526 quid
424 3446 527 3510 divina
556 3447 723 3510 auctoritas
745 3445 861 3521 doceat,
897 3444 971 3526 quid
1000 3443 1153 3518 decernat,
1188 3443 1262 3524 quid
1288 3462 1422 3509 consona

241 3549 298 3594 uox
324 3534 503 3595 sanctorum
524 3536 650 3615 patrum
672 3531 794 3606 iudicet,
827 3531 981 3613 patienter
1011 3529 1138 3592 audiens
1169 3566 1209 3573 —
1238 3528 1420 3610 acquiescat

242 3615 306 3680 Nos
329 3621 434 3680 tamen
456 3637 518 3682 non
542 3618 752 3693 aestimamus
776 3634 966 3697 quemquam
988 3614 1127 3678 fidehum
1146 3614 1199 3695 qui
1216 3614 1422 3678 ecclesiastica

243 3703 361 3765 statuta
382 3704 502 3766 noverit
523 3704 581 3768 hoc
604 3721 704 3766 errore
726 3702 833 3776 teneri,
867 3705 985 3766 utnon
1009 3701 1074 3775 hoc,
1108 3701 1166 3764 etsi
1195 3700 1316 3782 publice
1339 3701 1421 3764 affir-

243 3806 327 3852 mare
350 3808 411 3851 non
434 3788 555 3866 audeat,
587 3789 636 3853 vel
657 3787 689 3851 in
712 3787 801 3852 corde
825 3807 881 3851 suo
903 3790 986 3850 recte
1009 3785 1126 3849 iactum
1155 3804 1223 3849 esse
1252 3787 1421 3867 perhibeat.

243 3871 450 3956 Quamquam,
474 3875 532 3938 etsi
553 3893 618 3950 nos,
642 3873 724 3954 quod
739 3873 825 3938 Deus
848 3877 976 3949 avertat,
998 3891 1060 3935 non
1075 3872 1151 3935 satis
1166 3871 1252 3952 gravi
1267 3871 1305 3934 de
1328 3890 1422 3935 cansa

243 3959 426 4023 autminus
456 3959 595 4024 ordinate
623 3978 696 4024 enm
727 3959 906 4023 huiusmodi
934 3958 1055 4021 vinculo
1085 3957 1299 4038 ligaverimus,
1341 3957 1422 4021 sicut

244 4045 342 4108 sancti
364 4050 469 4127 patres
492 4048 644 4122 asserunt,
665 4064 728 4109 non
749 4045 861 4109 idcirco
884 4043 1058 4128 spernenda
1080 4047 1163 4107 esset
1181 4042 1343 4118 sententia,
1366 4043 1421 4106 sed

244 4130 394 4195 absolutio
417 4131 595 4195 cumomni
618 4130 793 4195 humilitate
818 4129 1002 4212 quaerenda

334 4351 349 4387 a
382 4334 496 4391 duim...
515 4337 622 4404 subegit
646 4335 715 4388 lhsst
732 4335 811 4404 Ilugo
829 4353 853 4390 ν.
872 4335 1002 4404 Flavigny
1028 4350 1090 4400 weg.
1135 4333 1162 4395 b)
1180 4331 1324 4386 Annalista
1353 4329 1421 4384 Saxo

245 4403 299 4456 und
317 4403 405 4459 Brnno
423 4404 509 4460 haben
527 4405 587 4460 fide.
