3617 5284
1384 545 1425 610 86

247 717 458 782 annuentibus
481 718 569 801 regni
591 714 782 800 principibus
803 715 869 779 his:
904 715 1130 801 archiepiscopo
1159 715 1426 798 Magdeburgense

245 803 462 881 wichmanno,
474 805 616 888 episcopo
628 801 938 867 Hildenesheimense
948 801 1102 878 Brvnone,
1114 803 1256 884 episcopo
1267 801 1426 866 Fardense

247 889 453 964 Herimanno,
484 892 626 973 episcopo
653 887 951 968 Brandenbvrgense
974 887 1132 965 Wichero‚
1158 888 1274 953 aelecto
1297 887 1425 953 Cicense

249 975 405 1051 Bertoldo‚
428 976 540 1040 abbate
564 975 729 1041 Corbiense
750 973 927 1050 Wicbaldo‚
948 975 1126 1039 marchione
1148 974 1320 1051 Cuonrado,
1342 993 1425 1038 mer·

249 1060 357 1126 chione
371 1061 546 1138 Adelberto‚
568 1061 705 1145 palatino
719 1058 884 1136 Friderico
905 1059 1087 1142 prouinciali
1110 1061 1221 1125 comite
1236 1059 1425 1125 huodewico.

740 1252 950 1260 ———-

289 1379 374 1466 llll.
411 1378 588 1466 triedriols
613 1380 636 1466 Ι.
661 1379 891 1484 hlonsgcntz
917 1401 983 1465 ron
1009 1381 1040 1466 5.
1069 1379 1239 1466 loconbor
1263 1378 1383 1483 tter)

632 1510 713 1582 (bion.
735 1509 823 1565 Germ.
841 1510 911 1579 legg.
931 1510 967 1577 11,
986 1513 1041 1576 96.)

337 1623 414 1692 [Otto
431 1623 500 1679 Fris.
520 1623 604 1680 Gesta
620 1625 664 1690 Π,
683 1641 705 1678 c.
726 1627 773 1677 12:
797 1623 863 1676 Inde
882 1625 972 1676 castra
988 1640 1108 1687 movens,
1127 1624 1155 1678 in
1173 1641 1263 1695 campo
1281 1624 1425 1679 Roncaliae

247 1711 324 1765 super
342 1694 459 1762 Padum,
477 1712 530 1749 non
547 1695 625 1763 longe
643 1711 660 1748 a
677 1694 821 1762 Placentia,
840 1711 930 1748 mense
948 1694 1106 1748 Novembrio
1125 1695 1230 1749 resedit.
1267 1695 1317 1749 Est
1335 1699 1424 1750 antem

246 1765 442 1819 consuetudinis
460 1783 551 1835 regum
569 1765 744 1832 Francorum,
772 1765 818 1835 qni
836 1767 864 1819 et
881 1764 1096 1830 Teutonicorum,
1123 1768 1166 1832 ut,
1193 1767 1426 1836 quotienscumque

246 1835 281 1888 ad
298 1835 452 1890 sumendam
463 1837 576 1890 Romani
587 1836 692 1906 imperii
703 1852 825 1890 coronam
841 1836 955 1889 militem
973 1836 1008 1888 ad
1027 1836 1271 1906 transalpinandum
1282 1838 1424 1904 coegerint,

245 1906 273 1960 iu
299 1907 417 1976 predicto
442 1924 534 1978 campo
557 1907 720 1961 mansionem
737 1906 845 1960 faciant.
882 1906 925 1960 lbi
943 1907 1015 1974 ligno
1034 1907 1062 1960 in
1081 1907 1165 1960 altum
1183 1911 1301 1978 porrecto
1320 1911 1425 1962 scutum

245 1977 427 2047 suspenditur,
452 1978 683 2059 universorumque
706 1977 824 2047 equitum
849 1993 944 2059 agmen
965 1977 1043 2030 feoda
1066 1978 1222 2032 habentium
1247 1979 1282 2032 ad
1300 1979 1423 2033 excubias

245 2047 363 2117 proxima
381 2051 457 2102 nocte
473 2048 585 2119 principi
603 2047 738 2102 faciendas
756 2064 801 2117 per
822 2064 910 2101 cunae
927 2064 1063 2117 preconem
1082 2049 1238 2118 exposcitur.
1277 2049 1352 2114 Quod
1371 2066 1426 2104 sec·

245 2121 335 2172 tantas
363 2119 409 2189 qui
432 2119 460 2172 in
486 2119 542 2173 eins
560 2119 689 2172 comitatu
706 2119 813 2172 luemnt
830 2117 975 2189 principes,
1001 2119 1100 2187 singuli
1119 2120 1237 2188 singulos
1256 2120 1424 2174 beneficiatos

245 2205 306 2242 suos
323 2207 371 2259 per
388 2206 510 2260 precones
530 2189 635 2257 [itidem
653 2190 725 2258 suos]
744 2192 893 2259 exposcunt.
932 2190 970 2242 At
988 2190 1108 2260 sequenti
1127 2189 1169 2243 die
1188 2191 1344 2261 quicumque
1363 2208 1424 2245 noc·

245 2260 332 2314 turnis
354 2260 463 2344 vigiliis
480 2259 594 2314 defuisse
616 2260 792 2342 deprehensus
815 2260 909 2342 tulerit,
934 2259 1018 2314 denuo
1038 2259 1071 2314 ad
1091 2261 1251 2342 presentiam
1270 2263 1340 2330 regis
1359 2263 1421 2344 alio·

246 2331 1062 2472 sitiretis„'ttitffiitttitititti
1079 2348 1425 2468 stittititiitit

248 2471 432 2542 dampnantur.
469 2472 548 2526 Hunc
565 2489 663 2526 morem
681 2471 799 2542 principe
817 2476 919 2538 secuto,
945 2490 995 2526 non
1015 2473 1099 2526 solum
1117 2473 1243 2526 laicorum
1261 2473 1352 2541 feoda,
1378 2474 1424 2528 sed

246 2546 274 2596 et
297 2543 469 2612 quorumdam
496 2543 686 2613 episcoporum,
713 2542 741 2596 id
766 2546 809 2596 est
832 2543 962 2596 Hartwici
988 2543 1137 2597 Bremensis
1161 2547 1190 2596 et
1206 2543 1289 2598 Ulrici
1309 2544 1422 2598 Helber·

245 2613 386 2679 stadensis,
405 2613 506 2682 regalia
517 2615 636 2684 personis
647 2616 761 2680 tantum,
782 2614 844 2696 quia
855 2631 904 2667 nec
955 2614 1048 2679 raonis,
1068 2613 1114 2667 sed
1133 2615 1265 2668 aecclesiis
1282 2619 1421 2686 perpetua·

244 2684 307 2739 liter
325 2703 342 2739 a
359 2682 522 2755 principibus
540 2685 643 2738 tradita
659 2687 732 2750 eunt,
751 2684 904 2738 abiudicata
950 2685 1057 2755 ere**).]

329 2799 502 2865 thidericus
524 2799 584 2863 Dei
612 2799 712 2882 gratia
733 2799 946 2864 Romanorum
973 2817 1027 2864 rex
1056 2804 1088 2863 ct
1115 2818 1238 2884 semper
1260 2803 1422 2883 augustus.

243 2885 441 2968 Imperialem
461 2884 551 2950 decet
572 2886 731 2951 solertiam
753 2887 797 2950 ita
817 2885 863 2950 rei
876 2885 1017 2969 publicae
1040 2905 1147 2950 curam
1169 2905 1275 2970 gerere
1298 2891 1330 2952 et
1351 2889 1425 2953 sub-

243 2972 393 3035 iectorum
421 2970 583 3036 commoda
609 2971 811 3053 investigare,
841 2975 878 3034 ut
898 2972 986 3052 regni
1011 2972 1131 3037 utilitas
1154 2973 1332 3057 incorrupta
1352 2993 1424 3057 per·

243 3058 336 3121 sistat
357 3061 389 3122 et
411 3057 605 3140 singulomm
631 3060 733 3122 status
763 3057 876 3140 iugiter
905 3060 1046 3122 servetur
1068 3059 1183 3122 illesus.
1228 3058 1423 3142 Quapropter

243 3143 319 3208 dum
341 3163 379 3208 ex
400 3144 653 3226 predecessomm
674 3148 851 3208 nostrorum
873 3163 959 3208 more
981 3143 1014 3206 in
1037 3145 1204 3209 universali
1227 3147 1314 3210 curia
1334 3147 1423 3210 Run-

243 3229 320 3293 calie
348 3250 403 3314 pro
432 3230 580 3295 tribunali
602 3229 825 3307 resideremus,
857 3249 876 3293 a
898 3229 1086 3314 principibus
1107 3231 1239 3309 Italicie,
1267 3233 1334 3296 tam
1355 3251 1421 3297 rec-

243 3316 363 3381 toribus
396 3315 596 3381 ecclesiarnm
631 3334 728 3398 quam
760 3316 828 3380 eliis
860 3315 1003 3381 fidelibus
1035 3318 1140 3399 regni,
1173 3337 1236 3382 non
1267 3318 1421 3383 modicam

244 3403 420 3486 accepimus
450 3402 625 3485 querelam,
654 3402 737 3484 qnod
766 3402 937 3467 beneficiati
970 3421 1076 3467 eorum
1103 3402 1197 3468 feuda
1227 3423 1291 3485 qne¹
1315 3405 1421 3470 abeis

242 3489 398 3564 tenebant,
411 3490 477 3552 sine
490 3486 686 3552 dominorum
700 3488 825 3552 licentia
839 3489 960 3572 pignori
976 3489 1195 3572 obligaverant,
1210 3489 1421 3569 vendiderant,

243 3579 275 3638 et
303 3574 439 3656 quadam
472 3574 639 3639 collusione
667 3573 792 3639 nomine
820 3574 917 3639 libelli
950 3575 1172 3651 alienaverant,
1205 3576 1287 3641 unde
1317 3574 1421 3642 debita

242 3661 369 3724 servitia
390 3660 577 3725 amittebant
598 3662 630 3724 et
651 3661 750 3724 honor
770 3659 892 3744 imperii
916 3663 947 3724 et
969 3663 1073 3726 nostre
1095 3661 1194 3726 felicis
1217 3661 1419 3744 expeditionis

241 3747 504 3830 complementum
525 3745 698 3828 plurimum
719 3747 911 3811 minuebant
947 3747 1064 3812 Habito
1087 3747 1183 3829 igitur
1205 3748 1332 3813 consilio
1355 3749 1419 3833 epi·

241 3851 414 3916 scoporum,
435 3833 559 3907 ducum,
581 3833 806 3909 marchionum,
828 3833 979 3897 comitum
994 3834 1087 3898 simul
1103 3836 1135 3897 ct
1148 3833 1358 3917 palatinorum
1373 3836 1421 3899 iu·

244 3957 377 3966 ——-—--.
393 3961 451 3967 ——-

332 4019 357 4084 ¹)
374 4009 447 4074 liber
465 4020 550 4074 dieses
562 4020 753 4089 lahensgeeeta
773 4039 798 4076 u.
812 4021 855 4076 die
872 4021 1117 4089 vorausgeschickte
1129 4021 1211 4075 Stella
1228 4023 1270 4076 boi
1283 4022 1348 4077 Otto
1367 4025 1419 4092 vgl.

244 4088 377 4156 Weiland,
401 4091 451 4144 Die
474 4091 707 4146 Raichsheerlahrt
730 4111 754 4147 v.
779 4091 906 4145 Heinrich
925 4091 956 4144 V.
981 4093 1023 4147 bis
1042 4093 1169 4146 Heinrich
1186 4093 1232 4148 VI.
1255 4094 1324 4148 nach
1348 4094 1419 4148 ihrer

241 4159 491 4216 staatsrechtlichen
509 4161 588 4228 Seite,
606 4161 792 4232 Forscbungan
810 4163 871 4229 VH,
893 4166 942 4215 167
961 4162 995 4229 f.;
1014 4163 1094 4216 Pruta
1113 4164 1135 4230 Ι,
1156 4167 1189 4218 58
1208 4181 1232 4218 u.
1254 4169 1302 4232 59;
1320 4165 1417 4233 Waitz,

239 4229 309 4285 Veri
327 4230 374 4295 vl,
392 4235 436 4297 32,
455 4237 488 4288 67
508 4233 539 4300 f.;
566 4230 738 4287 Giesabrecht
754 4234 786 4300 V,
806 4237 849 4298 40,
869 4236 903 4286 42
921 4232 952 4299 f.;
981 4233 1105 4300 Nitzsch‚
1125 4232 1219 4288 Gosch.
1240 4235 1265 4288 d.
1286 4235 1311 4289 d.
1330 4235 1362 4290 V.
1380 4235 1416 4302 II,

241 4305 306 4367 2363
334 4301 462 4370 Wacker,
489 4303 544 4358 Der
565 4303 711 4372 Reichstag
738 4321 761 4359 a.
787 4322 810 4358 a.
830 4303 861 4359 0.
886 4302 914 4356 S.
934 4308 977 4358 74.
1004 4335 1032 4343 —
1059 4303 1119 4372 Vgl.
1144 4305 1211 4358 atich
1233 4306 1347 4360 Lothars
1366 4307 1417 4362 ΙΠ.

240 4371 430 4440 lahanegesotz
449 4378 498 4441 (nr.
511 4375 551 4428 IX
570 4375 668 4428 meiner
680 4375 853 4444 Sarnmlnng).
885 4374 925 4439 **)
944 4374 1056 4428 Nitzsoh
1074 4375 1150 4428 weist
1168 4376 1266 4430 darauf
1280 4377 1336 4442 hin,
1356 4377 1418 4432 dass

241 4442 282 4496 dio
300 4443 418 4512 einaigon
437 4444 573 4504 Bischttle.
598 4444 682 4499 denen
699 4446 757 4499 ihre
773 4445 862 4499 Iahon
881 4445 1074 4515 abgesprochen
1094 4445 1209 4514 worden,
1229 4447 1271 4500 die
1289 4447 1417 4502 entechic-

240 4513 350 4568 densten
368 4513 530 4570 lirchlichen
549 4514 653 4585 Gegner
670 4515 811 4571 Heinricbs
830 4517 877 4571 des
894 4516 987 4569 Ibwen
1007 4532 1101 4571 waren.
