3617 5284
1381 537 1424 601 69

244 708 284 772 ab
312 707 370 771 hac
397 706 619 788 significatione
650 707 823 791 discrepare
850 707 987 784 ridetur,
1016 707 1098 788 quod
1120 707 1232 772 Daniel
1262 725 1334 771 curn
1360 706 1427 789 pice

246 793 341 857 etiam
371 791 493 876 adipem
523 797 555 856 et
583 793 662 878 pilos
692 792 892 858 admiscuisse
923 792 1115 858 describitur.
1159 792 1241 872 Quid
1271 791 1354 856 enim
1375 810 1432 875 per

244 879 366 962 adipem
392 879 453 942 nisi
480 880 580 943 carnis
610 879 776 963 accipimus
802 879 1018 962 voluptatem?
1062 878 1146 958 Quid
1175 897 1230 960 qer
1259 879 1346 960 pilos,
1376 878 1429 959 qui

244 964 422 1047 corporibus
434 964 616 1036 animalium
628 968 714 1029 extra
724 968 806 1042 sunt,
822 965 881 1028 nisi
894 965 1025 1029 exterior
1036 965 1212 1029 substantia
1222 964 1428 1046 designatur?

331 1049 411 1115 (lum
433 1050 499 1134 pice
522 1069 595 1132 ergo
617 1051 684 1116 Rex
706 1051 828 1135 adipem
849 1050 989 1134 pilosque
1011 1050 1213 1127 commiscuit,
1236 1053 1268 1114 et
1290 1050 1334 1114 sic
1356 1049 1426 1114 dra·

243 1156 352 1200 eonem
374 1135 467 1220 rupit,
493 1137 566 1218 quia
589 1137 799 1202 simoniacum
816 1137 902 1200 virus
918 1136 1042 1201 omnino
1057 1136 1224 1212 detestans,
1246 1136 1426 1201 nouaclum

242 1222 389 1287 avaritiae
421 1241 484 1286 non
520 1223 691 1300 succubuit,
724 1221 780 1288 sed
812 1222 851 1286 ad
885 1222 990 1286 nullas
1028 1221 1129 1286 carnis
1168 1222 1342 1296 illecebras,
1378 1221 1428 1285 vel

244 1307 401 1372 exterioris
439 1308 518 1372 lucri
550 1311 716 1390 quaestum
749 1308 780 1372 in
815 1307 1022 1392 dispensanda
1053 1326 1179 1390 prorsus
1212 1306 1428 1372 Ecclesiastico

244 1393 394 1475 dignitate
417 1394 577 1475 quaesivit,
605 1397 643 1457 ut
669 1394 732 1459 iam
753 1397 913 1477 perempto
934 1393 1093 1458 dracone·)
1116 1393 1154 1457 de
1176 1394 1259 1458 caelo
1281 1392 1425 1477 proiecto,

244 1481 277 1543 et
297 1479 330 1542 in
352 1480 462 1561 abysso
485 1497 540 1563 per
561 1481 717 1562 Angelum
739 1483 848 1544 catena
869 1479 964 1560 ligato
991 1479 1059 1562 (qui
1087 1479 1235 1542 nimirum
1259 1481 1331 1544 ante
1353 1498 1426 1542 cum

245 1565 395 1630 Michaele
409 1569 609 1648 pugnaverat,
625 1567 680 1648 qui
695 1566 819 1631 tertiam
836 1565 997 1629 stellarum
1012 1566 1133 1649 partem
1148 1569 1219 1649 post
1234 1583 1267 1629 se
1277 1562 1428 1645 traxerat)

244 1671 318 1715 cum
338 1651 421 1716 Isaia
442 1651 647 1735 plausibiliter
658 1652 862 1717 insultemus:
886 1650 931 1728 „0
943 1649 1075 1728 Lucifer,
1098 1651 1151 1732 qui
1166 1669 1259 1716 mane
1273 1651 1429 1726 oriebaris,

248 1737 400 1818 quomodo
430 1737 567 1803 cecidisti
595 1739 633 1802 de
662 1738 754 1813 caelo,
783 1737 926 1802 corruisti
950 1737 983 1800 in
1004 1739 1129 1813 terram,
1161 1737 1215 1820 qui
1243 1737 1428 1801 vulnerabas

246 1825 355 1904 gentes
363 1825 396 1886 ?“
436 1823 545 1906 Usque
568 1824 607 1888 ad
629 1824 722 1889 huius
745 1842 819 1888 sane
841 1828 966 1906 tempus
981 1823 1117 1904 Augusti
1138 1825 1251 1887 cuncta
1265 1821 1428 1888 Cancrum

246 1909 387 1986 Decreta,
416 1928 496 1991 quae
526 1929 619 1993 super
648 1909 826 1975 huiusmodi
854 1912 941 1992 peste
970 1907 1095 1973 buerant
1122 1908 1309 1972 aPatribus
1338 1907 1430 1983 edita

245 1994 283 2058 de
305 1995 476 2059 multorum
498 1995 648 2060 memoria
670 1996 764 2078 longa
785 1996 847 2059 iam
862 1994 1048 2059 videbantur
1062 1994 1212 2059 oblivione
1228 1993 1339 2058 deleta
1368 1993 1431 2058 Sed
1476 2054 1480 2064 ,

244 2079 295 2144 hic
316 2083 478 2163 tamquam
500 2081 574 2145 olim
596 2081 727 2164 insignis
749 2081 801 2146 ille
824 2080 932 2156 Iosias,
952 2099 1024 2145 mon
1035 2082 1073 2144 ut
1082 2080 1197 2144 librum
1211 2079 1289 2162 legis
1304 2079 1430 2144 Domini

244 2167 365 2250 reperit,
388 2166 574 2231 vestimenta
597 2167 694 2244 scidit,
717 2167 792 2248 quia
813 2166 986 2239 condoluit;
1017 2184 1086 2230 aree
1109 2166 1240 2242 subruit,
1268 2165 1351 2229 idola
1377 2165 1431 2228 ab·

243 2251 410 2316 ominanda
421 2253 538 2330 deiecit,
550 2272 719 2335 omnesque
731 2253 868 2337 priorum
880 2253 1004 2334 Regum
1016 2251 1182 2333 sacrilegas
1193 2251 1430 2334 superstitiones

243 2339 364 2402 evertit
408 2339 449 2402 Et
479 2339 626 2421 quoniam
654 2339 720 2422 ipse
747 2338 937 2402 anteriorum
959 2340 1064 2402 tenere
1085 2337 1228 2419 regulam
1249 2337 1365 2411 noluit,
1394 2339 1430 2400 ut

244 2424 362 2488 aeterni
377 2423 472 2506 Regis
486 2429 650 2508 praecepta
665 2427 809 2500 servaret,
832 2424 903 2488 hoc
920 2422 1006 2488 ¹sibi
1028 2443 1101 2487 non
1115 2423 1277 2505 ingrata
1294 2422 1431 2486 divina

244 2509 497 2593 dispensatio
535 2511 724 2586 contulit,
769 2510 868 2591 quod
904 2509 1111 2592 plerisque
1148 2508 1429 2573 decessoribus

244 2596 329 2659 suis
345 2599 605 2662 eeteuusnon
622 2596 841 2661 concessit:
863 2594 1429 2660 utvidelicetadeiueuutum

248 2684 384 2745 sancta
410 2683 581 2747 Romana
609 2681 792 2747 Ecclesia
819 2701 921 2746 nunc
946 2679 1166 2758 ordinetur,
1195 2701 1238 2745 ac
1264 2682 1429 2764 praeter

248 2766 331 2831 eius
369 2768 663 2834 auctoritatem
699 2767 959 2851 Apostolicae
997 2766 1090 2831 Sedi
1122 2785 1233 2832 nemo
1266 2784 1433 2850 prorsus

247 2853 371 2934 eligat
407 2853 710 2936 Sacerdotem.*)
764 2854 860 2918 Plane
896 2854 922 2918 si
955 2852 1057 2917 David
1092 2856 1218 2936 propter
1245 2852 1455 2918 Philisthaei-
1491 2905 1495 2911 .

248 2937 372 3003 Goliath
394 2941 531 3022 stragem
553 2940 648 3022 Regis
675 2940 771 3004 tiliam
799 2939 830 3002 in
863 2939 1081 3023 sponsalitium
1104 2937 1161 3003 sibi
1182 2938 1341 3004 foederare
1363 2957 1434 3021 pro-

247 3023 369 3101 meruit,
393 3025 468 3106 quid
489 3025 605 3090 mirum
627 3027 653 3090 si
677 3028 708 3090 et
722 3026 894 3109 Imperator
915 3025 974 3089 iste
993 3023 1140 3089 Sanctam
1151 3024 1331 3100 Ecclesiam,
1354 3043 1434 3105 quae

247 3109 394 3174 nimirum
406 3111 521 3174 summi
533 3112 628 3194 Regis
641 3114 689 3176 est
699 3111 770 3188 filia,
785 3110 947 3176 simonica
960 3109 1202 3186 haeresiarchae,
1217 3109 1271 3193 qui
1283 3110 1434 3174 ueraciter

248 3197 410 3279 exprobret
432 3197 530 3262 aciem
551 3197 610 3262 Dei
632 3197 772 3274 urentis,
794 3196 892 3261 victor
915 3197 1054 3280 accepit?

337 3371 363 3434 a)
382 3367 510 3436 Caietani,
530 3367 643 3422 draconi.
681 3369 710 3435 b)
728 3368 856 3433 Caietaui,
876 3367 985 3424 Simoni.

336 3439 360 3505 *)
383 3437 460 3492 Nach
484 3439 610 3505 Martens,
642 3439 684 3493 die
715 3439 864 3507 Besetzung
887 3439 934 3492 des
960 3439 1125 3510 papetlichen
1150 3439 1243 3493 Stuhls
1274 3442 1352 3493 unter
1380 3438 1431 3493 den

250 3509 369 3578 Kiinigen
388 3508 515 3564 Heinrich
534 3509 583 3564 111.
603 3528 629 3564 11.
648 3509 775 3564 Heinrich
793 3509 839 3564 IV.
859 3509 884 3563 S.
899 3515 931 3564 19
950 3513 1029 3579 „sagt
1046 3509 1171 3564 Damiani
1189 3509 1247 3563 hier
1265 3509 1348 3576 nicht,
1368 3509 1431 3563 dees

249 3580 292 3634 die
309 3579 406 3634 Rdmer
426 3579 485 3634 dem
503 3579 591 3649 lldnig
610 3579 672 3634 oder
690 3581 784 3635 Keiser
802 3581 850 3634 dae
867 3580 997 3646 Recht,
1015 3581 1114 3651 Papste
1132 3598 1163 3633 ru
1182 3597 1321 3646 ernennen,
1340 3581 1433 3634 erteilt

249 3649 304 3704 und
325 3650 443 3704 dsdnrch
461 3651 505 3705 ihr
516 3651 672 3705 Wablrecht
689 3651 842 3720 eingebilsst
860 3651 970 3717 hatten,
989 3668 1018 3705 er
1035 3652 1104 3705 fasst
1121 3667 1172 3704 nur
1190 3650 1233 3704 die
1250 3650 1436 3704 thateach-

247 3721 341 3775 liche
361 3719 522 3790 Gestaltung
540 3721 586 3774 der
604 3721 786 3776 Verhdltuisse
811 3722 864 3775 seit
884 3726 952 3774 1646
971 3722 1013 3775 ins
1031 3722 1106 3791 Auge
1124 3720 1179 3775 und
1197 3721 1312 3775 erbliclst
1328 3722 1357 3775 in
1376 3721 1435 3774 der-

248 3792 337 3846 solben
355 3790 404 3845 das
422 3790 529 3845 Walten
549 3792 595 3846 der
612 3793 758 3860 giittlichon
777 3793 959 3861 Vorsehung.“
996 3791 1073 3846 Nach
1091 3792 1210 3846 Martens
1229 3792 1316 3845 baben
1329 3791 1432 3845 einiach

248 3862 291 3916 die
308 3861 406 3916 Rdmer
429 3862 467 3916 im
484 3862 566 3916 labro
588 3867 654 3917 1046
673 3863 801 3917 Heinrich
818 3863 868 3917 111.
893 3862 1014 3931 gebeton,
1040 3863 1115 3917 einen
1135 3863 1220 3933 Papst
1243 3879 1275 3915 zu
1294 3878 1433 3928 ernennen,

247 3933 314 3986 ohne
342 3933 390 3986 arri
414 3933 457 3986 ihr
484 3933 583 3987 nrnltes
602 3933 757 3987 Wahlrscht
785 3950 814 3986 zu
843 3933 1005 3999 verzichten;
1033 3933 1104 3987 diese
1122 3933 1196 3986 Bitte
1214 3949 1264 3986 von
1287 3933 1370 3986 seiten
1389 3933 1436 3986 der

245 4003 345 4058 Rbmsr
361 4021 387 4057 11.
409 4003 451 4057 die
470 4003 684 4073 darauffolgende
703 4004 873 4058 Nomination
892 4003 940 4056 des
956 4004 1069 4074 Papstes
1086 4021 1137 4058 ven
1162 4004 1247 4058 seiten
1268 4003 1315 4056 des
1327 4001 1436 4056 Kaisers

246 4074 295 4127 bat
313 4073 368 4127 sich
395 4073 465 4128 daun
492 4073 602 4128 dreimal
629 4074 789 4129 wiederholt
826 4074 931 4129 Audere
950 4074 992 4127 die
1009 4074 1152 4141 Frdiheren,
1190 4074 1287 4128 welche
1311 4073 1436 4127 sbmtlich

250 4161 298 4198 aus
316 4143 401 4199 dieser
419 4145 473 4199 und
492 4145 542 4199 den
560 4145 650 4198 walter
667 4149 749 4200 unten
768 4145 981 4199 anrohihrenden
993 4144 1092 4198 Stellen
1112 4145 1159 4199 aul
1176 4144 1219 4198 die
1230 4145 1435 4213 Uebertragung

250 4215 322 4270 eines
345 4215 500 4270 fdrmlichen
517 4215 666 4270 Rechtes
693 4216 739 4270 des
764 4215 869 4270 Anteile
894 4233 928 4269 au
952 4216 998 4269 der
1022 4216 1171 4284 Bosetanng
1197 4215 1242 4268 des
1265 4220 1300 4285 pb
1331 4214 1433 4268 tlichen

251 4285 367 4350 Stuhles,
394 4303 443 4339 von
462 4287 511 4340 den
530 4286 644 4340 Rbmern
663 4303 696 4340 an
723 4287 773 4341 den
792 4286 894 4352 Kaiser,
914 4286 1064 4341 schlieseen.
1101 4286 1161 4340 Nur
1181 4286 1209 4339 in
1228 4285 1275 4339 der
1315 4284 1435 4338 elinition

251 4355 298 4410 des
325 4356 491 4425 lrbniglichen
520 4357 634 4411 Rechtee
664 4357 749 4427 gehen
779 4357 846 4410 auch
873 4357 911 4410 sie
939 4357 1129 4411 aueeinander:
1166 4356 1235 4410 nach
1263 4354 1436 4410 Giesebrecbt

248 4427 424 4494 (biducbeuer
446 4429 539 4481 histor.
562 4427 703 4482 Jahrbuoh
720 4427 813 4496 dabrg.
836 4431 912 4494 1866,
937 4426 962 4481 S.
989 4429 1050 4496 163)
1075 4427 1188 4482 mutand
1214 4427 1262 4480 das
1287 4426 1437 4495 lbnigliche

251 4497 337 4552 Recht
356 4498 400 4565 „in
419 4498 465 4552 der
483 4499 685 4552 Denomination
704 4498 751 4552 dee
768 4498 914 4552 rbmischen
927 4498 1057 4565 Biechofs‚
1075 4497 1186 4552 welcber
1197 4498 1240 4551 die
1251 4497 1340 4564 Wahl,
1359 4513 1433 4551 wenn
