3617 5284
1382 563 1443 626 147

265 732 548 810 firmaverunt,
569 749 779 817 personam
799 731 1042 816 imperatoris
1064 731 1444 797 excommunicationi

266 819 543 883 subiciendam
565 821 603 883 et
622 822 770 883 extunc
790 818 827 882 in
847 822 966 882 antea
987 817 1070 883 eius
1091 815 1294 883 honori'et
1314 818 1445 883 voluu-

264 905 344 969 tati
365 923 491 988 usque
514 905 561 969 ad
587 906 750 969 mortem
778 904 1093 970 immutabiliter
1114 904 1318 968 contraire
1340 909 1391 981 et,
1413 904 1444 968 si

266 991 526 1076 contingeret
548 991 734 1056 domnum
753 1009 894 1073 papam
915 989 998 1055 vita
1019 990 1225 1067 decedere,
1248 989 1445 1054 neminem

266 1096 304 1141 se
319 1078 395 1142 nisi
410 1076 637 1160 deillisqui
655 1076 976 1152 coniuraverunt,
991 1076 1029 1141 in
1044 1075 1280 1159 pontificem
1296 1075 1445 1157 eligere.

266 1163 507 1247 circumpositos
535 1164 663 1246 insuper
692 1163 863 1246 episcopos,
890 1181 931 1227 ne
960 1162 1050 1227 alioui
1074 1164 1185 1239 electo,
1207 1161 1264 1225 nisi
1296 1161 1445 1244 inquom

267 1249 364 1313 Siculi
386 1252 471 1314 secta
492 1249 688 1324 consentiret
709 1247 743 1312 in
757 1247 984 1313 consecratione
1007 1267 1119 1314 manus
1138 1247 1341 1331 imponerent
1362 1247 1446 1312 iura-

266 1338 372 1400 mento
401 1335 620 1401 nichilominus
649 1332 942 1417 constrinxerunt*)

352 1421 556 1486 Postmodum
577 1421 642 1485 iam
670 1419 846 1504 sepedicto
874 1422 963 1503 patre
991 1422 1098 1485 nostro
1127 1418 1264 1484 Adriano
1286 1418 1447 1502 Anagniae

266 1501 416 1572 Kalendis
438 1507 610 1591 Septembr.
632 1505 786 1583 cenacto,
808 1524 917 1570 omnes
939 1505 1014 1569 illuc
1029 1505 1244 1581 convenimus„
1261 1506 1292 1568 et
1314 1523 1386 1570 cum
1408 1505 1446 1568 de

266 1611 390 1676 corpore
413 1593 478 1658 sive
496 1592 612 1658 ibidem
632 1591 819 1656 tumulando
841 1591 905 1656 sire
921 1591 1054 1656 Romam
1078 1590 1242 1656 deferendo
1267 1610 1330 1654 non
1351 1609 1447 1674 parva

266 1681 422 1744 contentio
453 1680 599 1756 oriretur,
625 1678 754 1742 tandem
784 1677 918 1742 Romam
947 1697 981 1744 co
1020 1696 1072 1742 ore
1101 1677 1276 1761 deportato,
1297 1677 1384 1759 prius
1414 1677 1445 1740 in

267 1766 358 1829 verbo
373 1765 513 1830 veritatis
528 1765 592 1830 tale
613 1768 733 1847 pactu
742 1783 776 1827 m
791 1763 981 1829 unanimiter
1008 1765 1125 1828 ecimus
1140 1765 1172 1828 et
1188 1762 1302 1846 scripto
1317 1761 1447 1827 manda-

266 1851 377 1928 vimus,
392 1851 485 1933 quale
499 1869 583 1915 nuno
595 1849 753 1931 sequitur:
770 1850 816 1914 ‘In
829 1850 955 1915 nomine
967 1848 1093 1915 Domini
1105 1868 1205 1914 amen.
1228 1846 1448 1913 Convenerunt

268 1937 409 2020 episcopi,
424 1936 587 2021 presbiteri
602 1938 635 2001 et
649 1935 768 2000 diaconi
780 1935 951 2000 cardinales
967 1938 1092 2000 sanotae
1104 1937 1263 2000 Romanae
1279 1935 1447 1999 aecclesiae

267 2026 301 2087 et
321 2025 534 2107 promiserunt
556 2022 615 2087 sibi
636 2021 769 2086 invicem
790 2022 824 2085 in
844 2023 937 2087 verbo
960 2021 1109 2098 veritatis,
1131 2021 1215 2104 quod
1238 2019 1277 2085 de
1299 2021 1448 2086 electione

266 2108 365 2172 firturi
379 2108 534 2193 pontificis
555 2108 735 2173 tractabunt
749 2107 923 2174 secundum
944 2108 1203 2174 consuetudinem
1217 2105 1309 2170 istius
1332 2106 1448 2172 aeccle-

268 2195 340 2272 siae,
355 2195 472 2260 seilioet
486 2195 569 2277 quod
585 2196 789 2276 segregentur
803 2193 926 2276 aliquae
940 2212 1090 2279 personae
1105 2194 1143 2259 de
1158 2192 1276 2258 eisdem
1291 2191 1448 2271 fratribus,

267 2281 322 2362 qni
343 2281 472 2345 audiant
486 2282 679 2346 voluntatem
701 2279 896 2362 singulorum
919 2284 951 2345 et
965 2280 1130 2363 diligenter
1151 2279 1311 2362 inquirant
1326 2282 1358 2344 et
1371 2278 1448 2343 fide-

266 2365 338 2430 liter
352 2366 535 2433 describant
563 2367 605 2431 Et
627 2366 659 2430 si
674 2364 760 2430 Deus
775 2365 903 2442 dederit
926 2366 1009 2448 quod
1031 2365 1277 2432 concorditer
1297 2365 1448 2448 possint

266 2453 482 2518 convenire
516 2453 555 2518 de
584 2451 690 2534 aliqua
715 2463 847 2535 persona
879 2451 1049 2517 eorundem
1078 2451 1223 2528 fratrum,
1253 2448 1331 2515 fiat
1361 2469 1447 2514 curn

268 2539 382 2614 bono;
405 2538 454 2603 sin
476 2544 591 2616 autem,
613 2539 766 2602 tractetur
786 2542 863 2602 tuno
878 2537 916 2603 de
939 2541 1084 2604 extranea
1097 2556 1237 2622 persona
1264 2535 1306 2602 Et
1328 2536 1354 2601 si
1376 2555 1448 2601 oon-

266 2625 400 2689 eorditer
417 2624 588 2709 poterimus
603 2624 773 2701 conuenire,
784 2625 877 2699 bene;
899 2624 1107 2701 sinautem,
1124 2624 1253 2688 nullus
1268 2621 1447 2704 procedat

266 2710 355 2775 sine
376 2711 579 2775 communi
601 2727 815 2775 consensu.
852 2710 894 2774 Et
915 2710 975 2775 hoo
995 2709 1175 2775 observetur
1197 2709 1263 2774 sine
1285 2707 1394 2772 fraude
1416 2711 1448 2772 et

266 2797 349 2862 malo
360 2796 556 2882 ingenio‘.**)
576 2796 892 2880 Talipaotoinverbo
903 2795 1045 2862 veritatis
1056 2795 1188 2874 firmato,
1199 2795 1447 2880 posthumatum

355 3003 381 3070 ‘l
398 3003 455 3056 Das
472 3002 577 3056 weltere
593 2963 834 3068 Quollenmaterial,
852 3001 901 3055 das
919 3001 962 3055 idr
977 3001 1049 3056 disse
1067 3003 1228 3070 scgsnannte
1239 2999 1448 3068 Vorschwbmng

187 3139 190 3145 Ι
267 3090 316 3127 von
334 3072 441 3142 Anagni
459 3089 491 3126 ru
508 3072 739 3141 berdclrsichtigen
755 3073 800 3138 ist,
819 3072 871 3141 vgl.
890 3073 986 3126 anton!

355 3143 385 3174 *⁸
421 3143 482 3212 Vgl.
501 3143 550 3197 das
567 3142 710 3197 Sobreiben
733 3142 780 3197 der
797 3142 943 3196 Domherrn
971 3159 1022 3196 ron
1045 3141 1085 3197 St
1104 3141 1194 3196 Peter:
1220 3141 1339 3208 „Domno
1363 3140 1448 3210 igitur

265 3214 376 3284 papaA
411 3215 469 3268 ‘ano
493 3214 577 3268 felicis
602 3214 742 3267 memoriae
759 3213 848 3337 ἔξω
874 3213 968 3282 vigilia
983 3212 1112 3266 Kalendis
1131 3211 1276 3282 Septembr.
1303 3211 1371 3266 riam
1389 3212 1448 3266 uni·

265 3301 355 3338 versae
372 3285 460 3338 carnis
476 3285 603 3353 ingresso,
622 3284 744 3337 convenit
790 3300 821 3338 oo
833 3283 949 3337 maxima
965 3283 1119 3350 multitudo,
1138 3299 1197 3338 oum
1216 3282 1311 3353 quibus
1329 3285 1357 3336 et
1374 3298 1448 3336 sona·

265 3357 336 3408 toras
354 3355 493 3420 affuerunt,
512 3371 622 3425 qnorum
636 3354 745 3408 oonsilio
763 3370 857 3425 corpus
874 3354 986 3408 Romam
1005 3353 1122 3408 delatam
1135 3356 1184 3408 est
1208 3353 1282 3407 Inter
1299 3352 1447 3406 cardinales

266 3442 325 3478 vero
343 3425 509 3479 contentione
527 3428 667 3491 crescente,
685 3424 807 3478 convenit
823 3423 931 3478 tandem
949 3424 1090 3492 intereos,
1109 3427 1140 3478 ut
1156 3423 1268 3478 Romam
1285 3423 1403 3477 redirent
1420 3426 1448 3477 et

265 3496 418 3550 concordem
435 3495 588 3549 electionem
605 3496 723 3550 iacerent
746 3495 779 3548 de
797 3494 833 3548 ali
852 3511 890 3577 ¹¹⁰.
908 3493 1090 3576 cardinalium.
1127 3493 1203 3560 Quod
1221 3495 1243 3548 si
1262 3510 1314 3577 non
1332 3496 1447 3564 possent,

265 3564 1153 3719 alrrcslsmnarrsabusucaucu
1164 3564 1448 3704 stararias

265 3707 398 3762 deberent
432 3707 469 3762 Et
486 3708 536 3761 hoc
553 3707 714 3762 unanimiter
731 3707 765 3760 ab
784 3706 905 3760 cmmbus
924 3705 1107 3760 confirmatum
1123 3708 1173 3761 est
1209 3705 1274 3760 Post
1291 3705 1341 3759 hoe
1358 3707 1446 3759 eutem

265 3779 358 3833 statim
375 3779 486 3832 Romam
508 3778 669 3833 redierunt“
706 3777 800 3832 Dieser
818 3776 1062 3845 Wahlrertrag
1083 3776 1149 3830 wird
1171 3775 1293 3830 liberdies
1316 3776 1448 3844 bestatigt

265 3848 349 3902 durch
373 3847 506 3904 Gottiried
529 3867 553 3904 v.
571 3848 695 3903 Viterbo:
721 3847 901 3915 „Conveniunt
918 3850 1007 3917 partes
1025 3847 1121 3914 Rome,
1140 3847 1212 3901 locus
1231 3849 1308 3916 aptus
1325 3846 1446 3901 habetur.

264 3919 329 3973 Pax
352 3936 392 3972 ns
414 3922 608 3990 rumpatur,
636 3919 730 3973 iurat
755 3921 936 3988 utrumque
962 3917 1084 3972 latus.“
1126 3916 1184 3971 Von
1209 3915 1448 3970 alexandrinisoher

263 3988 336 4044 Seite
353 3988 419 4042 wird
437 4005 467 4042 er
483 4005 552 4042 zuar
568 3989 645 4044 nieht
662 3989 752 4044 direkt
768 3989 867 4042 bestiti
901 4031 908 4055 ,
927 3989 990 4042 aber
1003 3987 1072 4042 ancli
1088 3987 1167 4042 nieht
1177 3987 1327 4042 beattitten.
1356 3986 1447 4040 Zweclr

265 4060 319 4114 nud
337 4059 496 4128 Bedenbmg
513 4059 560 4114 des
577 4059 792 4128 Wahlrertrages
816 4059 849 4112 wi
900 4062 956 4113 srst
974 4059 1047 4124 klar,
1066 4075 1140 4112 wenn
1159 4073 1220 4111 man
1239 4057 1281 4110 die
1299 4056 1446 4111 Umsttnde

263 4129 482 4198 berfiebsicbligt,
495 4133 572 4184 anter
584 4131 667 4184 denen
679 4146 708 4184 er
719 4129 886 4185 eatstanden.
911 4129 962 4183 Ein
971 4129 1028 4183 Teil
1041 4128 1087 4182 der
1098 4127 1249 4190 Kardindle,
1264 4127 1332 4181 ohne
1343 4127 1446 4181 Zweiiel

264 4200 308 4254 die
320 4200 520 4254 antikaiserlicb
531 4201 679 4269 gesinnten,
697 4200 819 4254 wtinsebt
836 4199 878 4254 die
890 4199 1059 4269 Beerdigung
1077 4198 1212 4253 Hadriane
1230 4198 1259 4252 in
1270 4197 1384 4266 anagni,
1404 4197 1446 4250 ein

264 4271 375 4325 anderen
383 4270 449 4337 Teii,
460 4269 503 4324 die
514 4288 532 4323 n
639 4271 645 4283 '
679 4287 698 4324 n
708 4268 877 4338 Olrtarianer,
889 4270 1003 4326 inRom.
1022 4270 1141 4324 Ismaro
1153 4269 1271 4338 dringen‚
1284 4270 1448 4322 untarstdtzt

264 4359 315 4396 ron
332 4342 384 4396 den
402 4340 554 4407 Senatoren,
574 4343 625 4394 mit
643 4342 649 4354 ’
698 4358 725 4395 m
742 4341 841 4395 Willen
859 4341 951 4406 durch,
980 4341 1042 4394 aber
1065 4342 1129 4406 eret,
1146 4339 1274 4393 naehdem
1293 4339 1339 4412 dar
1356 4338 1447 4392 Wahl·

264 4415 372 4482 rertrag
383 4411 584 4480 niedergesetat
611 4411 666 4466 Der
678 4409 780 4478 Grund,
799 4411 915 4465 weshalb
928 4411 971 4465 dis
984 4409 1214 4464 antilraiserliehon
1226 4409 1370 4463 Kardiniile
1389 4409 1446 4462 sich

264 4483 377 4554 ntangs
394 4499 478 4552 gagen
490 4482 548 4536 eine
559 4481 728 4551 Beerdigung
739 4481 768 4535 iu
779 4480 847 4535 Rom
859 4482 993 4550 strauben,
1012 4481 1079 4550 liegt
1091 4480 1176 4547 darin,
1189 4479 1250 4534 dass
1264 4495 1298 4534 an
1310 4479 1369 4533 dom
1382 4477 1446 4533 Orto

1217 4551 1278 4615 10*
