3617 5284
1406 517 1471 583 299

376 691 406 753 3.
429 687 520 768 Quod
541 689 568 753 si
590 688 701 772 aliquis
722 689 757 754 in
778 688 896 754 ducatu
920 689 1050 755 alicuius
1070 687 1249 754 incendium
1265 687 1382 766 fecerit,
1404 688 1470 772 ipss

291 776 354 840 dur
374 775 582 859 proscriptum
604 779 747 840 nostmm
768 794 841 840 eum
863 776 1045 858 pronuntiet
1067 794 1103 839 ao
1118 773 1229 838 deinde
1243 774 1380 838 iustiliae
1395 792 1471 840 suas

291 861 476 926 auctoritate
498 879 572 924 eum
594 860 772 945 proscribat
811 861 955 945 Idipsum
976 860 1093 926 faciant
1115 860 1318 936 marchiones
1341 860 1471 944 palatini

292 949 429 1024 comites,
450 945 622 1028 landgravii
644 948 678 1011 et
698 947 827 1012 comites
849 948 910 1025 alii,
935 966 993 1013 nec
1015 947 1107 1012 alicui
1131 965 1238 1012 eorum
1259 945 1353 1010 liceat
1374 947 1471 1011 talem

292 1032 460 1109 absolvero,
481 1031 542 1096 nisi
564 1031 687 1097 domino
709 1033 929 1117 imperatori.*)

376 1122 406 1182 4.
428 1117 613 1199 Quicunque
636 1119 730 1182 etiam
753 1118 977 1184 incendiarium
998 1119 1032 1182 in
1054 1119 1145 1183 domo
1166 1136 1225 1182 sna
1239 1117 1373 1182 scienter
1387 1135 1472 1182 rece·

290 1204 400 1288 perite
423 1207 456 1268 ct
477 1203 643 1268 consilium
664 1204 853 1270 auxiliumre
883 1205 911 1268 ei
940 1204 1134 1287 impenderit,
1163 1203 1336 1287 dampnum
1365 1206 1397 1268 et
1424 1204 1471 1267 in·

291 1290 403 1354 iuriam
425 1307 518 1372 passo
540 1309 595 1372 pro
617 1289 767 1355 facultate
789 1309 848 1355 sua
868 1291 1034 1366 restituam
1056 1289 1152 1354 iudici
1165 1308 1238 1355 roro
1253 1288 1361 1354 decem
1374 1289 1468 1354 libras

291 1380 434 1441 monetae
457 1374 495 1439 de
517 1375 572 1440 illa
592 1375 720 1453 diocesi,
752 1376 785 1440 in
818 1395 882 1459 qua
913 1377 1116 1441 commissum
1151 1377 1213 1452 est,
1245 1375 1402 1459 persolvat
1436 1394 1472 1440 sc

292 1462 416 1527 domino
438 1462 616 1545 imperatori
638 1481 694 1546 pro
718 1463 878 1528 voluntate
901 1464 934 1526 et
956 1462 1058 1545 gratia
1079 1480 1138 1528 sua
1159 1464 1331 1545 componat

335 1603 339 1610 ,
378 1550 407 1611 b.
430 1546 464 1613 Si
486 1547 557 1629 quis
579 1551 687 1612 antem
708 1567 803 1632 super
823 1548 883 1612 hac
903 1548 996 1632 culpa
1017 1547 1226 1614 innocentiam
1256 1566 1346 1612 suam
1368 1550 1472 1614 osteu-

291 1632 364 1698 dere
385 1633 525 1710 voluerit,
548 1652 622 1698 oum
643 1633 765 1699 duobus
786 1634 859 1699 viris
882 1633 1043 1699 veracibus
1066 1634 1098 1698 in
1120 1632 1297 1717 praeseutia
1310 1631 1422 1698 iudicis
1437 1650 1471 1697 se

292 1737 329 1782 ex
350 1721 450 1800 urget.
659 1793 666 1800 .
1535 1791 1536 1796 ἵ

329 1738 350 1802 p
378 1805 408 1869 6.
431 1803 465 1869 Si
494 1805 565 1886 quis
596 1808 702 1870 autern
731 1805 878 1887 cuiquam
906 1805 1104 1889 imposuerit,
1133 1803 1216 1886 quod
1246 1803 1471 1868 incendiarium

292 1889 450 1990 receperit,
473 1892 505 1987 et
526 1890 564 1955 de
587 1891 646 1956 hoc
667 1891 770 1974 ipsum
791 1891 823 1955 in
846 1892 914 1956 iure
934 1891 1067 1957 uoluerit
1088 1889 1260 1989 convenire,
1281 1890 1340 1954 hoo
1355 1908 1472 1970 nequa·

295 1976 1159 2146 qumi.“tiliis”titiliiatlnlldildddl
1181 1977 1385 2158 {afflug-
1402 2080 1468 2126 ru.

291 2147 393 2211 tentia
414 2148 645 2231 proscriptionis
667 2149 819 2222 absolvat
839 2150 901 2213 uisi
924 2148 962 2214 dc
977 2148 1072 2214 illatis
1079 2150 1102 2200 1’)
1125 2147 1224 2230 primo
1240 2146 1384 2230 dampnis
1399 2166 1471 2212 cum

291 2233 437 2298 imuriato
459 2236 624 2317 componat
646 2238 678 2298 et
699 2234 760 2298 uisi
782 2235 995 2300 consentiente
1017 2233 1118 2298 iudice
1139 2234 1199 2297 hoc
1219 2232 1376 2315 faciat.**)

379 2321 408 2382 8.
429 2318 644 2403 Proscriptum
675 2339 756 2397 vero,
791 2340 885 2404 quern
918 2339 973 2404 pro
1006 2318 1147 2384 incendio
1180 2317 1370 2382 sententiam
1402 2337 1472 2402 pro-

292 2404 466 2488 scriptionis
481 2405 647 2470 inourrisse
658 2407 802 2471 omnibus
813 2405 970 2471 notorium
984 2405 1086 2482 fucrit,
1102 2403 1284 2469 diocesanos
1300 2405 1472 2488 episcopus·

292 2490 380 2554 siud
402 2490 646 2556 satisfactionem
674 2492 854 2557 inobediens
883 2492 1035 2569 extiterit,
1057 2510 1076 2555 a
1104 2490 1321 2555 communione
1344 2489 1470 2554 ecclesie

291 2576 352 2640 Dei
379 2579 412 2641 et
439 2577 580 2642 fidelium
608 2577 724 2644 Christi
760 2577 873 2643 abiciat
905 2583 938 2644 et
967 2580 1149 2642 extraneum
1177 2575 1288 2640 reddat
1313 2593 1371 2640 nec
1398 2595 1470 2640 eum

292 2662 447 2739 absolvat,
476 2663 678 2747 quoadusque
706 2664 790 2729 laeso
818 2663 990 2748 dampnum
1018 2662 1182 2734 restituam
1213 2663 1245 2725 ct
1272 2680 1289 2726 s
1317 2679 1471 2738 converso,

292 2767 388 2831 quem
418 2748 580 2832 episcopus
608 2750 754 2832 legitimis
781 2749 915 2815 induciis
944 2749 1076 2814 citatum
1104 2747 1224 2811 iustitia
1252 2747 1391 2812 dictante
1420 2766 1470 2811 er-

293 2835 570 2900 communicaverit
592 2838 624 2899 et
645 2836 704 2901 hoo
725 2836 820 2900 iudici
840 2835 1053 2910 insinuaverit
1075 2833 1168 2898 iudex
1189 2851 1262 2898 eum
1285 2833 1386 2898 banno
1401 2852 1471 2916 pro-

293 2919 467 3003 scriptionis
490 2920 695 3004 condempnet
716 2940 774 2986 nec
794 2921 881 3004 prius
903 2941 977 2986 eum
999 2921 1147 2996 absolvat,
1171 2937 1267 3000 quam
1288 2937 1392 2983 coram
1407 2920 1471 3001 epi-

293 3023 383 3089 scopo
407 3006 445 3070 de
466 3005 525 3084 his,
547 3026 602 3090 pro
625 3008 740 3088 quibus
761 3007 1008 3090 condempnatus
1032 3008 1087 3083 est,
1110 3004 1289 3070 satisfaciat.

378 3092 407 3155 9.
430 3090 520 3170 Quod
543 3093 570 3156 si
591 3112 611 3157 a
631 3093 852 3176 proscriptione
879 3093 935 3157 illa
961 3092 1117 3176 praedicto
1145 3090 1236 3155 modo
1264 3090 1359 3156 fuerit
1382 3091 1473 3156 abso·

292 3176 380 3242 lutus
395 3180 427 3241 et
441 3177 582 3261 episcopo
597 3198 654 3244 sno
670 3179 801 3244 voluerit
822 3178 954 3256 obedire,
976 3178 1154 3244 incendium
1175 3178 1313 3260 primum
1328 3175 1470 3251 abinret;

292 3262 403 3326 deinde
418 3261 508 3327 sitin
524 3264 648 3330 arbitrio
664 3264 806 3349 episcopi,
829 3265 954 3346 qualem
971 3264 998 3329 ei
1015 3282 1130 3348 penam
1151 3262 1303 3345 iniungat,
1325 3261 1471 3327 visitandi

292 3347 434 3414 videlicet
456 3349 656 3432 sepulchrum
677 3351 803 3414 Domini
826 3355 881 3414 aut
901 3351 1012 3415 limina
1032 3349 1136 3414 Iacchi
1158 3347 1299 3432 apostoli.

382 3435 430 3499 10.
454 3434 487 3499 Si
510 3439 616 3500 autem
638 3438 829 3520 proscriptus
851 3456 896 3512 eo,
919 3456 981 3518 quo
996 3435 1115 3500 dietum
1131 3438 1187 3512 cst,
1209 3434 1300 3499 modo
1316 3433 1472 3498 desidera·

291 3520 371 3669 {fierit
399 3520 531 3671 agsolrt
560 3522 684 3588 domino
706 3523 884 3607 imperatori
908 3523 986 3586 fines
1008 3521 1130 3605 imperii
1152 3519 1200 3586 sui
1222 3538 1417 3604 perannum
1440 3521 1472 3585 et

315 3605 375 3670 'em
399 3626 418 3670 a
438 3606 529 3671 iuret.

379 3695 416 3755 11
454 3692 487 3757 Si
510 3692 580 3774 quis
603 3697 709 3758 autern
725 3713 744 3757 a
758 3694 981 3777 proscriptione
998 3695 1029 3757 et
1045 3691 1361 3758 excommunicatione
1377 3691 1471 3756 simul

292 3776 373 3840 intra
387 3796 504 3841 annum
519 3782 552 3842 et
566 3778 648 3843 diem
669 3799 732 3844 non
753 3779 848 3844 fuerit
869 3780 1039 3856 absolutus,
1062 3778 1206 3843 universo
1227 3779 1294 3842 iure
1310 3777 1471 3842 ethonore

292 3866 325 3925 et
339 3863 499 3944 legalitate
515 3883 573 3928 sua
586 3866 725 3948 privatus
741 3865 900 3943 habeatur,
924 3867 970 3929 ita
984 3867 1020 3928 ut
1034 3865 1067 3928 in
1088 3863 1214 3928 terendo
1229 3863 1407 3928 testimonio
1422 3864 1470 3927 rel

291 3947 331 4011 ad
353 3948 545 4013 causandum
568 3951 606 4014 de
628 3954 730 4015 cetero
753 3969 954 4033 nequaquam
976 3950 1018 4014 sit
1041 3948 1260 4014 admittendus.
1284 3947 1379 4014 Omni
1395 3967 1471 4030 quc-

293 4053 354 4114 que
375 4033 488 4099 feodali
510 4037 577 4100 iure
598 4039 747 4120 perpetuo
770 4037 895 4102 carebit

381 4122 429 4184 12.
451 4121 532 4185 Item
553 4125 579 4186 si
602 4123 635 4186 in
657 4123 737 4187 reisa
759 4122 889 4187 alicuius
912 4121 1028 4187 domini
1050 4140 1122 4186 cum
1145 4122 1211 4204 ipso
1233 4119 1365 4195 domino,
1381 4121 1470 4184 cuius

295 4252 353 4257 ’“
380 4252 588 4360 ffroerpn
624 4291 653 4358 a)
671 4291 710 4345 v:
728 4292 851 4347 urruns.
887 4292 916 4345 u
935 4309 961 4346 u.
980 4291 1018 4346 u:
1037 4291 1148 4346 nouus.
1176 4307 1179 4316 v

381 4364 406 4430 *)
425 4361 485 4431 Vgl.
504 4361 736 4416 Provincialfriade
752 4363 796 4416 flir
813 4362 1013 4416 Rheinlranlreu
1032 4361 1091 4417 Art.
1113 4363 1160 4416 14!

364 4432 484 4503 **)Vg1.
503 4432 733 4487 Provincialtriede
750 4433 793 4487 fiir
810 4432 1010 4487 Rhsinlranlreu
1030 4431 1090 4487 Aru
1112 4433 1159 4487 l'il
