3617 5284
406 479 468 543 108

403 650 528 714 tionem
564 651 785 734 Imperatoriae
800 652 957 716 maiestati
971 651 1079 736 paucis
1099 652 1262 716 retroactis
1285 652 1394 717 diebus
1416 653 1578 716 recohuus

405 755 462 800 nos
485 735 652 819 scripsisse,
674 737 752 801 illud
773 738 963 802 horrendum
987 742 1018 802 et
1040 738 1208 803 execrabile
1229 738 1350 803 facinus
1372 742 1404 803 et
1425 738 1578 822 piaculare

403 821 557 904 flagitium
572 824 710 906 tempore
725 827 831 888 nostro
847 825 1057 902 commissum,
1079 825 1112 890 in
1126 823 1304 891 Teutonicis
1323 825 1476 907 partibus,
1498 823 1578 888 sicut

404 907 567 984 eredimus,
589 908 756 990 aliquando
770 909 1003 992 intemptatum,
1026 911 1224 975 excellentiae
1237 912 1310 974 tuae
1333 911 1372 974 ad
1395 912 1577 974 memoriam

403 997 597 1070 revocantes,
625 1013 684 1058 nec
711 995 777 1060 sine
805 995 915 1077 grandi
937 995 1154 1061 ammiratione
1176 995 1322 1074 ferentes,
1355 997 1439 1078 quod
1462 996 1577 1078 absque

405 1079 500 1162 digna
527 1080 691 1144 severitate
719 1081 872 1145 vindictae
902 1101 1002 1164 usque
1033 1102 1117 1146 nunc
1144 1083 1277 1147 transire
1305 1101 1417 1166 passus
1448 1083 1578 1146 sistam

403 1165 568 1248 perniciosi
584 1167 707 1230 sceleris
722 1167 887 1232 feritatem
910 1167 1051 1246 Qualiter
1066 1168 1149 1232 enim
1164 1168 1348 1233 venerabilis
1363 1167 1459 1232 irater
1473 1172 1579 1232 noster

402 1251 565 1334 Eisldllus)
587 1251 801 1317 hundeneusis
825 1254 1087 1337 archiepiscopus,
1110 1254 1185 1318 dum
1206 1274 1225 1318 a
1246 1254 1319 1318 sede
1341 1253 1511 1338 apostolica
1532 1274 1579 1318 re·

403 1341 531 1414 mearet
554 1357 573 1402 a
595 1338 782 1419 quibusdam
803 1339 907 1423 impiis
930 1343 961 1403 et
984 1340 1138 1415 eoelestia,
1159 1340 1241 1421 quod
1264 1339 1329 1404 sine
1352 1340 1461 1420 grandi
1484 1340 1579 1404 animi

402 1442 523 1487 merore
535 1444 596 1488 nou
607 1424 747 1502 dicimus,
761 1425 793 1489 in
805 1424 947 1508 partibus
959 1426 1020 1490 illis
1036 1429 1146 1509 captus
1158 1426 1252 1490 luerit
1267 1428 1298 1489 et
1313 1426 1415 1489 adhue
1428 1425 1461 1490 in
1477 1429 1578 1490 custo·

403 1508 455 1573 dia
469 1511 621 1587 teneatur,
637 1510 770 1591 qualiter
781 1511 878 1575 etiam
892 1511 924 1575 in
939 1511 1008 1595 ipsa
1022 1514 1163 1594 captione
1178 1513 1317 1595 predicta
1326 1511 1384 1575 viri
1399 1511 1578 1595 impietatis,

404 1613 511 1660 semen
532 1614 678 1677 nequam,
699 1596 755 1660 lilii
771 1597 923 1672 scelerati,
945 1597 977 1661 iu
1001 1617 1073 1662 eum
1089 1601 1122 1661 et
1135 1597 1167 1660 in
1183 1617 1256 1662 suos
1272 1597 1444 1679 evaginatis
1467 1597 1577 1678 gladiis

402 1681 553 1746 violenter
568 1681 756 1746 excesserint
771 1686 802 1746 et
817 1702 876 1758 eos,
900 1683 1011 1748 ablatis
1035 1683 1187 1760 omnibus,
1211 1702 1306 1765 quam
1328 1683 1461 1766 turpiter
1484 1685 1577 1764 atque

401 1766 564 1831 inhoneste
597 1769 815 1844 tractaverint,
848 1771 880 1832 et
912 1775 969 1833 tua
1001 1769 1200 1834 serenissima
1228 1768 1378 1834 celsitudo
1411 1769 1576 1850 cognoscit,

402 1856 497 1934 atque
512 1853 551 1916 ad
573 1853 759 1936 long'nquas
782 1857 814 1918 et
835 1855 1059 1920 remotissimas
1081 1855 1222 1936 regiones
1245 1854 1330 1918 fama
1351 1854 1430 1919 tanti
1453 1855 1575 1919 sceleris

402 1937 464 2002 iam
478 1939 628 2022 pervenit
664 1939 712 2003 Ad
728 1940 816 2004 cuius
838 1941 949 2023 ntique
965 1941 1228 2006 vehementissimi
1249 1941 1393 2005 facinoris
1417 1939 1575 2018 ultionem,

402 2024 483 2088 sicut
503 2025 558 2088 ise)
581 2025 631 2088 cui
653 2025 735 2088 bona
757 2027 892 2107 placere,
921 2028 1004 2091 mala
1025 2046 1097 2091 vero
1120 2027 1281 2110 displicere
1304 2025 1475 2101 credimus,
1505 2046 1574 2091 con·

401 2110 537 2174 stantius
553 2129 701 2192 exurgere
716 2110 858 2187 debuisti,
882 2116 914 2176 et
929 2112 1078 2194 gladium,
1101 2113 1155 2194 qui
1170 2114 1225 2177 tibi
1242 2113 1282 2176 ad
1295 2112 1465 2176 vindictam
1480 2113 1575 2177 male-

401 2194 563 2272 factorum,
585 2196 710 2260 laudem
726 2216 797 2261 vero
812 2199 965 2262 bonorum
981 2204 1030 2262 est
1045 2218 1080 2262 ex
1096 2199 1200 2263 divina
1214 2197 1387 2282 provisione
1403 2217 1574 2276 concessus,

400 2280 433 2344 in
461 2281 611 2346 cervicem
639 2282 776 2346 desevire
805 2283 944 2366 oportuit
971 2285 1138 2368 impiorum
1161 2289 1192 2348 et
1214 2283 1396 2368 gravissime
1419 2287 1575 2348 conterere

399 2370 639 2451 presumptores.
661 2369 709 2432 Tu
724 2387 795 2434 vero
811 2369 842 2432 id
857 2370 962 2453 ipsum
977 2370 1022 2434 ita
1038 2371 1251 2435 dissimulasse
1267 2370 1385 2446 diceris,
1402 2369 1573 2434 seviciaml)

399 2453 580 2534 neglexisse,
596 2454 679 2535 quod
695 2454 820 2518 eosdem
834 2475 898 2518 non
913 2459 962 2520 est
976 2475 1071 2538 quare
1085 2457 1225 2539 peniteat
1241 2456 1432 2521 commisisse
1442 2459 1574 2532 reatum,

398 2539 474 2620 quia
502 2559 535 2603 se
561 2539 769 2625 inpunitatem
797 2541 949 2623 sacrilegii
973 2541 1055 2624 quod
1077 2545 1243 2624 gesserimt
1264 2543 1328 2606 iam
1350 2543 1412 2606 iam
1435 2542 1575 2606 sentiunt

396 2624 560 2689 iuvenisse.
603 2625 700 2690 Cuius
730 2626 855 2708 quidem
885 2627 1142 2693 dissimulationis
1165 2631 1196 2692 et
1217 2629 1425 2710 negligentiae
1447 2647 1574 2692 eausam

397 2711 522 2793 penitus
536 2711 759 2794 ignoramus*),
774 2714 923 2794 quoniam
934 2734 991 2778 nos
1003 2714 1035 2778 in
1048 2714 1151 2796 ahquo
1163 2714 1339 2778 serenitatis
1354 2717 1428 2778 tuae
1443 2713 1573 2796 gloriam

398 2795 577 2873 offendisse,
605 2799 810 2863 conscientiae
840 2800 1006 2882 scrupulus
1027 2803 1170 2865 nostrum
1193 2801 1334 2865 animum
1354 2819 1417 2864 non
1440 2801 1572 2877 accusat,

400 2881 454 2945 sed
476 2901 641 2965 personam
662 2886 752 2948 tuam
774 2884 855 2948 sicut
876 2884 1031 2949 karissimi
1053 2889 1085 2949 at
1099 2885 1241 2969 specialis
1256 2887 1312 2949 filii
1326 2887 1426 2950 nostri
1442 2889 1474 2949 et
1489 2885 1573 2969 prin-

398 2967 475 3050 cipis
502 2969 766 3048 christianissimi,
796 2990 890 3052 quem
912 2973 945 3034 in
967 2971 1152 3054 apostolicae
1174 2971 1376 3036 confessionis
1398 2974 1489 3054 patra
1510 2991 1569 3036 non

398 3052 585 3135 ambigimus
607 3074 663 3137 per
684 3055 743 3118 Dei
765 3057 898 3137 gratiam
921 3056 1099 3134 solidatum,
1124 3058 1243 3122 sincera
1265 3076 1387 3141 semper
1409 3056 1572 3122 dileximus

396 3139 528 3203 kantete
551 3143 583 3203 et
604 3140 726 3205 debitae
749 3141 952 3206 tractavimus
974 3143 1175 3224 benignitatis
1199 3144 1319 3208 affeetu.
1356 3143 1458 3208 Debes
1481 3144 1571 3221 enim,

396 3225 615 3306 gloriosissime
630 3227 682 3302 fili,
706 3229 777 3290 ante
799 3228 904 3292 oculos
927 3229 1041 3292 mentis
1064 3229 1219 3308 reducere,
1241 3249 1336 3312 quam
1359 3231 1519 3311 gratanter
1541 3231 1573 3294 et

397 3329 493 3392 quam
507 3310 637 3375 iocunde
659 3312 718 3377 alio
742 3331 822 3395 anuo
843 3316 946 3377 mater
967 3316 1023 3378 tua
1046 3319 1241 3380 sacrosancta
1261 3317 1403 3380 Romana
1425 3316 1572 3379 aecclesia

397 3399 429 3459 ta
451 3397 637 3480 susceperit,
668 3402 786 3480 quanta
813 3399 914 3463 cordis
937 3399 1096 3464 affectione
1119 3403 1310 3478 tractaverit,
1341 3403 1492 3482 quautam
1515 3401 1571 3465 tibi

397 3481 558 3564 dignitatis
572 3483 799 3567 plenitudinem
815 3486 982 3550 contulerit
997 3489 1029 3550 et
1042 3487 1175 3564 honoris,
1198 3490 1230 3551 et
1245 3487 1426 3569 qualiter
1447 3487 1571 3570 impe·

395 3567 516 3632 rialis
538 3569 696 3652 insigne
724 3589 888 3635 coronae
918 3571 1189 3637 libentissima
1216 3573 1438 3649 conferens,
1464 3572 1572 3655 benig-

397 3729 424 3792 c)
442 3744 466 3782 u.
486 3728 514 3795 d)
541 3729 602 3783 sind
624 3747 716 3784 ausser
740 3730 783 3783 bei
801 3729 927 3798 Ragevrin
946 3729 1013 3783 auch
1032 3729 1184 3784 iiberliefert
1201 3730 1238 3784 im
1256 3730 1319 3786 Cod.
1338 3731 1417 3787 Vind.
1436 3733 1489 3786 629
1509 3733 1569 3799 iiur.

397 3814 454 3852 can.
475 3799 544 3865 133).
581 3799 631 3854 Dio
648 3801 777 3854 Datiemn
814 3817 920 3854 unseres
940 3800 1095 3854 Schraibens
1113 3800 1197 3854 findat
1214 3801 1269 3854 sich
1288 3818 1339 3854 nur
1357 3801 1421 3856 hier.

484 3871 511 3933 a)
529 3869 631 3924 Waitz:
650 3871 704 3935 his;
727 3872 756 3939 b)
812 3870 837 3926 d.
857 3870 952 3927 Vind:
971 3888 1016 3924 seu
1035 3871 1124 3938 etiam,
1143 3871 1239 3925 welche
1257 3871 1365 3926 lascart
1383 3871 1425 3926 ich
1444 3873 1569 3927 vorziehs.

484 3941 510 4008 *)
534 3939 670 3995 Friedrich
696 3941 772 3994 hatte
798 3942 842 3995 rur
867 3942 910 3995 die
933 3941 1075 4010 Beiroiung
1102 3943 1148 3996 des
1171 3941 1337 3996 Embischels
1365 3943 1432 3996 wohl
1461 3943 1569 3998 deshalh

395 4008 484 4063 nichts
500 4011 613 4079 gethan,
638 4011 696 4066 weil
714 4029 743 4066 er
759 4012 856 4065 einmal
875 4012 924 4066 den
944 4011 1098 4065 Erebisehoi
1113 4029 1200 4080 vegeu
1221 4013 1267 4066 der
1285 4012 1432 4082 Losldsuug
1450 4014 1496 4067 der
1513 4032 1570 4068 nor·

396 4079 504 4134 dischan
521 4081 655 4135 Bisthmar
679 4098 738 4135 vom
755 4082 924 4151 Hamburgor
941 4083 1044 4136 Primat
1067 4083 1110 4136 liir
1134 4083 1209 4137 einen
1228 4082 1372 4166 Schitdiger
1395 4084 1442 4137 dea
1459 4084 1570 4138 Reiches

396 4149 478 4218 hielt,
503 4152 678 4206 andaremaits
696 4152 754 4206 weil
772 4170 801 4206 er
818 4169 907 4221 wagan
927 4153 973 4206 der
991 4152 1150 4222 Verletxung
1168 4154 1214 4208 der
1232 4153 1405 4208 laisarhchen
1423 4155 1569 4211 Interessan
1686 4183 1688 4188 ·
1767 4133 1768 4214 l

395 4220 478 4276 durch
503 4221 545 4275 dia
567 4221 757 4276 Consentio
783 4223 1008 4278 Benventana
1027 4223 1080 4278 und
1098 4225 1148 4278 den
1162 4223 1440 4292 einseitigenlhiedsn
1457 4227 1509 4280 mit
1520 4227 1569 4282 deu

394 4291 508 4346 Rdmem
524 4309 608 4362 gagen
632 4293 675 4346 die
699 4293 780 4348 Kuric
804 4293 970 4365 Repressalie
999 4294 1068 4349 libau
1095 4295 1193 4363 wollta3
1222 4295 1344 4350 letzteres
1372 4295 1477 4351 seheint
1502 4297 1568 4352 noch

393 4361 515 4490 {affl
523 4363 677 4490 xinxpipsIeEpn
689 4363 831 4419 Sahreibcn
842 4364 928 4420 selber
940 4365 1111 4485 anpudeuten.
1139 4365 1199 4434 Vgl.
1219 4366 1287 4420 auch
1298 4365 1439 4422 Schreiben
1459 4367 1487 4436 d)
1506 4386 1532 4424 u.
1544 4371 1570 4436 a)
