3617 5284
375 469 417 529 22

374 636 419 699 tui
442 635 626 711 Rabbodi*),
654 635 822 718 Adelpreth
850 637 881 699 et
902 635 1095 711 Ucdescallri
1132 639 1237 716 quast
1261 636 1309 699 his
1331 636 1553 712 adiuuerimus,

374 721 411 784 ad
436 741 491 784 nos
513 721 635 796 reversi,
658 721 822 802 superbis,
845 740 925 800 quae
940 720 1000 783 illis
1016 723 1121 784 tecuur
1138 721 1259 802 agenda
1279 722 1554 804 commisimus**),

374 810 460 870 tuam
493 806 581 870 nobis
613 805 735 888 plenius
769 806 908 889 aperiant
933 807 1133 870 voluntatem.
1178 807 1261 870 Data
1288 808 1405 871 Romm
1435 807 1553 871 aldus

375 892 519 969 Ianuarii,
541 890 705 956 indictione
730 894 777 954 14.

860 1067 1068 1074 -—----——.-

593 1218 664 1303 llll.
715 1217 834 1324 Syuolc
860 1242 899 1303 ιι
926 1219 1056 1316 llorna
1081 1218 1133 1303 24.
1157 1217 1229 1303 lau.
1257 1217 1345 1306 tort.

468 1376 604 1444 [lambert
617 1375 650 1429 ad
664 1393 724 1430 anu.
740 1380 816 1440 1076,
829 1375 885 1429 Ian.
905 1374 1025 1429 Aderant
1036 1378 1172 1446 praeterea
1183 1376 1358 1430 Hildobrandi
1371 1393 1454 1446 papae
1464 1376 1554 1444 legati,

378 1446 566 1500 denunciantes
585 1447 648 1515 regi,
668 1450 699 1500 ut
716 1447 831 1500 secunda
842 1446 908 1500 feria
925 1446 1055 1500 secundae
1073 1446 1234 1500 ebdomadae
1252 1447 1280 1500 in
1299 1447 1502 1517 quadragesima
1520 1446 1554 1498 ad

377 1517 497 1570 sinodum
516 1517 615 1570 Romae
633 1520 787 1581 occurreret,
807 1517 839 1571 de
857 1517 1011 1571 criminibus
1030 1534 1097 1598 quae
1114 1519 1279 1572 obicerentur
1296 1534 1403 1571 causam
1422 1517 1554 1580 dicturum

377 1588 491 1656 alioquin
503 1587 590 1654 sciret,
609 1605 637 1641 se
655 1588 754 1657 absque
766 1588 836 1641 omni
854 1588 1091 1657 procrastinatione
1107 1588 1197 1642 eodem
1216 1587 1259 1642 die
1278 1588 1310 1640 de
1328 1605 1434 1658 corpora
1447 1591 1556 1640 sauctae

377 1658 501 1711 ecclesiae
520 1659 661 1727 apostolico
682 1658 850 1712 anathemate
869 1658 1058 1711 abscidendum
1076 1675 1140 1712 esse.
1170 1657 1242 1723 Quae
1259 1659 1358 1726 legatio
1377 1675 1463 1726 regom
1482 1657 1556 1710 vebo·

376 1731 477 1782 monier
494 1729 636 1798 permovit;
656 1729 799 1798 statimque
817 1728 928 1781 abiectis
946 1745 1005 1781 cum
1023 1729 1097 1796 gravi
1110 1729 1268 1782 contumelia
1286 1728 1390 1797 legatis,
1409 1728 1555 1798 omnesqui

377 1799 404 1851 in
422 1815 567 1866 regnosco
586 1801 674 1852 essent
692 1798 823 1868 episcopos
842 1801 870 1852 et
889 1799 1007 1865 abbates,
1026 1799 1189 1852 Wormaciao
1205 1799 1335 1852 dominica
1347 1798 1556 1869 septuagesimae

378 1869 512 1923 ‹roravenire
529 1869 670 1950 praecepit,
690 1871 804 1922 tractare
822 1885 882 1921 cum
900 1869 939 1922 eis
956 1868 1052 1935 volens,
1072 1868 1106 1922 ad
1118 1869 1298 1939 deponendum
1310 1870 1458 1923 Romanum
1471 1869 1557 1938 ponti·

377 1939 452 1992 ficem
470 1939 492 1993 si
509 1955 562 2009 qua
579 1939 630 1992 sim
648 1939 700 2004 via,
719 1940 740 1991 si
759 1955 811 2008 qua
828 1938 897 1992 ratic
916 1943 1031 2008 pateret3
1050 1940 1078 1992 in
1097 1940 1146 1993 hoc
1170 1938 1276 1993 cardine
1294 1943 1379 1994 totam
1397 1939 1462 1992 verti
1481 1941 1556 1992 ratus

377 2010 490 2062 salutem
507 2025 583 2062 suam
600 2013 628 2062 et
646 2009 719 2076 regni
738 2009 922 2075 stabilitatem,
941 2011 964 2062 si
982 2010 1006 2062 is
1024 2027 1076 2063 non
1095 2013 1165 2064 esset
1181 2011 1337 2080 episcopua]

442 2169 477 2243 a)
501 2169 673 2239 sennium
697 2170 755 2238 dar
777 2169 925 2238 Riscttls
948 2188 987 2239 an
1011 2171 1130 2256 aanor
1150 2170 1216 2253 llll,
1239 2171 1295 2238 24.
1318 2170 1382 2238 lan.
1406 2169 1495 2239 1076.

546 2309 643 2377 (Codex
661 2310 779 2363 Udalrici
797 2310 845 2364 Nr.
868 2315 931 2377 162;
951 2311 1020 2365 Mon.
1041 2311 1128 2366 Germ.
1147 2312 1216 2380 legg.
1235 2311 1271 2376 II,
1290 2315 1324 2365 44
1342 2311 1381 2377 ff.)
1444 2309 1448 2315 '

467 2423 630 2506 Sigiin'dus
645 2423 843 2504 Mogontinus
866 2426 1120 2509 archiepiscopus,
1141 2425 1211 2489 Udo
1233 2425 1436 2500 treverensis,
1451 2423 1559 2488 Wille-

379 2511 502 2573 belmas
524 2509 735 2585 timeamus
758 2509 967 2574 Herimonnus
989 2512 1153 2586 Metensis,
1182 2509 1345 2574 Heinricus
1371 2509 1557 2585 Leodiensis,

379 2595 542 2659 Riobertus
574 2594 796 2671 Verdonsnsis,
827 2596 905 2659 Bibo
938 2597 1110 2671 Tullensis,
1142 2595 1361 2659 Hozemannus
1395 2595 1558 2679 Spirensis

379 2679 598 2745 Bruolrhardus
613 2681 891 2759 Halberstadensis,
914 2682 1106 2746 Wemherus
1123 2681 1381 2764 strasburgensis
1404 2681 1559 2745 Burohar-

380 2766 438 2830 dus
471 2765 665 2842 Basiliensis,
707 2765 779 2831 Otto
813 2767 1072 2844 Constantiensis,
1106 2767 1258 2831 Adalbero
1291 2767 1558 2848 wirciburgensis,

379 2852 570 2916 Routbertus
591 2851 868 2934 Babenbergensis,
891 2852 965 2918 Otto
987 2853 1229 2936 Rutisponensis,
1251 2852 1428 2916 Ellinardus
1444 2852 1558 2916 Frisiu-

381 2938 499 3019 gensis,
522 2935 684 3002 Odaln'cus
707 2937 902 3014 limatensis,
925 2939 1098 3003 Fridericus
1119 2939 1379 3014 Monosteriensis,
1402 2938 1558 3002 Eilbertus

380 3022 565 3098 Mindensis,
592 3023 681 3086 Hezil
702 3023 1011 3102 Hiltinisheimensis,
1037 3025 1146 3089 benno
1170 3024 1450 3104 Oseneburgensia,
1472 3023 1558 3106 Eppo

379 3108 610 3192 Neapolitanus,
632 3108 760 3173 Imadus
782 3109 1083 3187 Pederbrunnensis,
1106 3109 1198 3174 Tiedo
1222 3108 1559 3190 Brandaneburgensis,

377 3193 579 3259 Burohardus
601 3194 817 3274 losannensis,
840 3195 946 3260 Bruno
967 3196 1191 3273 Veronenalsbl,
1223 3194 1433 3258 Hildebrando
1463 3195 1558 3258 fratri.

465 3279 545 3344 Cum
566 3279 703 3362 primum
726 3281 870 3344 ecclesiae
886 3282 1096 3363 gubernacula
1110 3281 1283 3357 invasisses,
1306 3280 1363 3343 etsi
1377 3281 1455 3344 bene
1470 3281 1558 3344 nobis

379 3365 536 3446 cognitum
560 3369 650 3442 esset,
673 3385 768 3447 quam
789 3366 929 3430 illicitam
951 3370 983 3430 et
1004 3367 1154 3431 nefariam
1170 3386 1236 3430 rem
1259 3367 1436 3430 contraius
1460 3369 1491 3429 et
1512 3366 1559 3428 las

380 3451 522 3516 familiari
550 3451 605 3515 tibi
629 3451 803 3533 arrogantia
824 3453 1101 3535 praesumpsissem
1134 3451 1357 3516 dissimulanda
1377 3454 1483 3515 tamen
1498 3451 1560 3514 dis·

379 3625 494 3748 Nemori)
514 3623 565 3748 gd?
582 3621 977 3747 {bzffibfflmldateldltelialfflf
997 3620 1450 3757 ilrlnflffgdimfitffindvterldirlugusslb.
1463 3621 1559 3760 bihldli

381 3765 468 3819 schlen
487 3767 550 3819 aber
567 3765 604 3818 im
622 3763 684 3817 Ood.
703 3761 831 3816 Udalrici.
1108 3781 1112 3787 ·

470 3837 494 3900 *t
514 3836 617 3905 Rapoto
635 3852 658 3887 v.
676 3832 811 3901 Vohburg.
850 3834 890 3902 ”t
907 3824 978 3888 Uber
996 3834 1047 3888 den
1065 3833 1157 3886 Inhalt
1174 3832 1259 3887 dieser
1276 3832 1412 3901 gebeimen
1430 3833 1560 3902 Auftrltge

380 3907 439 3974 gibt
459 3905 559 3975 Gragor
568 3904 626 3958 VH.
645 3903 729 3957 selbst
747 3904 912 3958 Auischluss.
948 3905 974 3958 S.
993 3904 1040 3957 Νι.
1061 3905 1108 3958 ΧΙ.
1154 3903 1231 3957 Naclr
1250 3903 1428 3968 Giesebrecht,
1456 3903 1560 3957 Kaisar-

381 3977 432 4031 aeit
450 3977 500 4042 III,
521 3983 573 4031 348
601 3975 704 4029 soheint
732 3991 760 4028 er
779 3975 856 4029 dabei
882 3974 918 4028 im
936 3974 1121 4028 wesentlichen
1146 3973 1234 4028 nicbts
1259 3973 1369 4028 auderes
1389 3975 1559 4042 tibergangon

381 4065 413 4100 zu
430 4047 525 4114 haben,
554 4047 594 4100 als
613 4045 675 4099 dass
692 4061 719 4098 er
738 4044 821 4099 durch
841 4045 884 4098 die
902 4044 1051 4098 Gesandten
1076 4044 1136 4098 dem
1154 4045 1255 4114 Ktnige
1274 4044 1415 4098 anlrbuden
1434 4045 1504 4111 liess,
1532 4063 1560 4098 or

382 4119 467 4172 iserde
486 4118 566 4172 sehon
594 4116 641 4170 aui
665 4115 712 4169 der
737 4115 867 4169 utcbsten
890 4115 1087 4183 Fastensynode
1114 4116 1156 4168 die
1175 4132 1208 4169 aa
1243 4115 1354 4169 drohten
1373 4115 1477 4168 Straton
1505 4133 1560 4168 ver-

382 4189 494 4258 lrtngen,
523 4189 619 4242 woiern
648 4186 765 4240 derselbe
788 4185 864 4239 nicht
885 4186 927 4238 bis
952 4186 1033 4239 dahin
1060 4185 1193 4240 deutliche
1235 4186 1327 4239 eweiso
1354 4186 1439 4240 seiner
1457 4185 1561 4240 Sinues-

382 4259 517 4328 ttnderung
535 4259 650 4330 gegeben
669 4257 764 4312 habe“.
810 4256 860 4310 Die
884 4256 970 4323 gleich
994 4257 1188 4311 anantiihrende
1208 4257 1357 4311 Naobricht
1373 4257 1511 4310 Lamberts
1537 4277 1559 4311 v.

383 4331 514 4396 Heraleld,
533 4329 660 4384 Heinrich
678 4329 715 4381 sei
767 4327 882 4380 rstnlich
901 4344 947 4380 aur
963 4327 1092 4381 aichsten
1107 4328 1304 4397 Fastensynode
1321 4343 1379 4381 vom
1390 4326 1494 4398 Papste'
1507 4345 1562 4382 vor-

383 4401 494 4468 geladen
513 4401 625 4468 worden,
645 4401 702 4454 halt
747 4398 892 4452 iesebrecht
910 4399 952 4450 llrr
971 4399 1161 4467 unbegrllndet
