3617 5284
1395 534 1437 598 41

262 722 334 766 curn
355 703 448 766 huius
471 703 514 768 rei
545 705 611 766 tam
633 705 734 768 multa
756 723 792 768 ao
813 704 988 768 certissima
1013 703 1199 769 documenta
1227 705 1259 768 in
1280 725 1438 770 sacrarum

262 781 485 870 scripturarum
517 789 638 872 paginis
670 791 871 872 repellantur.
930 791 1040 871 Neque
1073 791 1156 854 enirn
1183 791 1345 868 eredimus,
1378 812 1438 868 eos,

263 875 316 955 iqui
340 873 378 938 ad
401 874 561 939 cumulum
583 894 658 939 suae
673 875 900 958 dampnationis
921 877 1043 940 veritati
1058 876 1255 959 impudenter
1269 877 1439 941 detrabunt

262 964 295 1023 et
316 960 538 1037 contradicunt,
570 961 647 1025 bueo
674 961 712 1024 ad
741 981 815 1026 surae
848 961 1034 1026 defensionis
1069 963 1232 1026 audaciam
1253 967 1320 1026 tarn
1351 963 1439 1044 igno-

261 1047 372 1122 rantia
408 1067 504 1128 quam
536 1048 667 1111 nnsorae
700 1048 922 1130 desperationis
955 1048 1110 1124 vecordia,
1146 1052 1315 1130 coaptasse.
1373 1049 1439 1114 Nec

261 1132 385 1195 minim.
444 1133 512 1197 Mos
546 1135 594 1197 est
626 1134 708 1196 enim
741 1134 958 1216 reproborum,
999 1134 1038 1197 ob
1071 1153 1147 1198 suae
1180 1135 1337 1215 nequitiae
1369 1155 1439 1218 pro-

262 1217 428 1281 tectionem
439 1219 505 1294 niti,
527 1219 701 1283 consimiles
724 1219 782 1283 sibi
805 1218 986 1294 defendere3
1010 1220 1083 1301 qnia
1104 1240 1158 1303 pro
1180 1221 1292 1285 nichilo
1314 1221 1439 1299 babent,

263 1303 410 1367 mendatii
431 1304 635 1386 perditionem
656 1307 821 1370 incurrere.

347 1389 439 1466 Nam,
476 1395 512 1453 ut
545 1390 583 1454 de
614 1391 722 1455 multis
756 1411 855 1475 pauca
885 1391 1038 1466 dicamus,
1075 1391 1145 1472 quis
1177 1392 1300 1472 ignorat
1332 1413 1439 1456 vocem

262 1475 377 1540 domini
408 1495 443 1539 ao
472 1476 632 1540 salvatoris
664 1477 762 1541 nostri
795 1477 868 1540 Iesu
891 1476 1007 1540 Christi
1040 1477 1170 1541 dicentis
1204 1477 1236 1540 in
1259 1479 1437 1560 euangelio:

262 1562 326 1636 „Tu
349 1581 382 1624 es
403 1561 525 1638 Patrue,
548 1566 580 1626 et
602 1583 694 1646 snper
717 1563 796 1628 banc
817 1567 940 1645 petram
962 1563 1127 1626 aedificabo
1150 1564 1311 1626 eeclesiam
1327 1583 1438 1641 meam,

262 1653 295 1710 et
316 1651 422 1730 portae
454 1648 543 1712 inferi
576 1668 638 1712 non
670 1649 893 1730 praevalebunt
926 1649 1072 1712 adversus
1095 1667 1181 1723 eam3
1218 1655 1251 1713 et
1272 1649 1327 1714 tibi
1359 1650 1438 1714 dabo

262 1733 363 1797 claves
395 1733 481 1816 regni
509 1735 678 1806 ooelorum;
716 1740 747 1798 et
780 1734 986 1816 quodcunque
1012 1734 1154 1815 ligaveris
1188 1753 1282 1816 super
1314 1740 1438 1813 terram,

262 1819 321 1882 erIt
342 1819 474 1900 ligatum
496 1824 528 1884 et
549 1819 580 1883 in
603 1821 705 1895 coelis,
741 1825 773 1884 et
795 1819 1000 1902 quodeunque
1029 1820 1156 1884 solveris
1189 1839 1283 1902 super
1315 1827 1437 1900 terram,

262 1905 322 1968 erit
343 1906 481 1969 solutum
503 1909 535 1969 et
557 1907 588 1969 in
610 1907 725 1971 coelis?
755 1905 904 1988 Nunquid
928 1909 1001 1969 sunt
1024 1906 1074 1969 bie
1097 1925 1187 1988 reges
1208 1908 1350 1989 excepti?
1384 1914 1439 1973 aut

261 2010 323 2054 non
346 1995 420 2055 sunt
442 1991 479 2056 de
501 1993 618 2068 ovibus,
641 2011 718 2073 quas
741 1993 823 2056 tilius
845 1991 904 2055 Dei
927 1993 1017 2056 beato
1038 1991 1132 2055 Petro
1154 1993 1330 2056 commisit?
1352 1992 1438 2072 Quis,

262 2095 345 2157 rogo,
366 2078 397 2141 in
419 2077 479 2142 bac
501 2078 665 2142 universali
687 2079 882 2142 concessione
902 2077 1018 2159 ligandi
1043 2083 1137 2160 atque
1160 2078 1297 2142 solvendi
1319 2084 1439 2161 apote-

263 2165 343 2226 state
364 2163 448 2227 Petri
471 2182 505 2227 se
528 2165 686 2228 exclusum
709 2183 776 2228 esse
799 2163 962 2239 existimat,
984 2163 1044 2227 nisi
1066 2164 1145 2227 forte
1166 2164 1273 2227 infelix
1290 2163 1351 2242 ille,
1374 2166 1438 2246 qui,

262 2248 370 2330 iugum
398 2249 525 2313 Domini
551 2253 674 2332 portare
699 2251 816 2326 nolens,
852 2249 966 2313 diaboli
999 2269 1032 2313 se
1066 2249 1180 2313 subicit
1211 2251 1304 2326 oneri,
1341 2255 1373 2314 et
1405 2251 1439 2314 in

262 2353 390 2398 numero
412 2335 516 2399 orium
538 2335 652 2400 Christi
676 2355 742 2400 esse
764 2339 910 2400 recusat?
943 2335 1000 2399 Cui
1022 2340 1128 2398 tamen
1150 2335 1209 2399 boe
1231 2335 1269 2398 ad
1292 2336 1438 2400 miseram

262 2419 437 2484 libertatem
459 2421 587 2486 minime
609 2422 735 2504 proficit,
769 2422 851 2502 quod
873 2423 1060 2504 potestatem
1082 2420 1177 2496 Petri,
1208 2420 1357 2486 divinitus
1380 2423 1439 2486 sibi

262 2524 451 2582 concessam,
489 2527 507 2570 a
539 2509 672 2590 superba
704 2510 819 2571 ceruice
851 2507 982 2571 excutit:
1026 2507 1181 2588 qnoniam,
1218 2509 1336 2587 quanto
1369 2527 1438 2572 earn

264 2591 394 2672 quisque
416 2613 471 2675 per
486 2594 651 2658 elationem
666 2593 744 2657 lerre
760 2594 901 2674 abnegat,
924 2597 1012 2656 tanto
1028 2592 1136 2656 durius
1152 2592 1190 2655 ad
1207 2592 1437 2658 damnationem

263 2695 353 2740 suam
375 2680 407 2742 in
429 2679 541 2743 iudicio
564 2685 674 2762 portat.

345 2763 435 2828 Hanc
466 2765 572 2846 itaque
606 2765 726 2828 divinae
759 2765 928 2829 voluntatis
960 2763 1197 2840 institutionem,
1241 2764 1299 2827 hoc
1331 2764 1438 2827 firma-

263 2852 405 2912 mentum
438 2850 676 2934 dispensationis
704 2850 858 2926 ecclesiae,
894 2852 954 2915 boo
985 2850 1189 2932 privileginm,
1221 2849 1312 2913 beato
1344 2849 1438 2914 Petro

264 2935 473 3017 apostolorum
495 2935 624 3019 principi
648 2936 772 3000 coelesti
794 2936 917 3001 decreto
939 2935 1150 3018 principaliter
1171 2934 1321 2998 traditum
1343 2937 1438 3016 atque

263 3020 429 3098 firmatum,
452 3021 551 3085 sancti
573 3024 677 3104 patres
700 3041 772 3085 oum
794 3041 910 3103 magna
925 3023 1120 3086 veneratIone
1136 3019 1324 3103 sucipientes
1343 3023 1438 3102 atquo

263 3109 429 3182 servantes,
452 3112 594 3171 sanctam
615 3109 790 3172 Romanam
813 3108 993 3172 aecclesiam
1014 3109 1081 3170 tam
1103 3107 1135 3170 in
1150 3106 1345 3187 generalibus
1367 3126 1438 3170 con·

263 3191 339 3256 ciliis
362 3211 458 3272 quam
486 3193 581 3258 etiam
608 3193 641 3256 in
669 3194 778 3258 ceteris
809 3195 931 3276 scriptis
954 3197 986 3258 et
1012 3193 1108 3274 gestis
1136 3192 1201 3256 suis
1230 3192 1437 3256 universalem

262 3281 396 3341 matrem
418 3279 660 3361 appellaverunt.
705 3281 746 3342 at
767 3279 847 3344 sicut
870 3281 936 3344 eius
952 3279 1139 3344 documenta
1159 3278 1191 3341 in
1206 3278 1437 3342 confirmatione

262 3362 334 3426 fidei
357 3365 389 3428 et
411 3365 582 3430 eruditione
604 3384 709 3430 sacrae
731 3365 895 3445 religionis,
917 3366 963 3429 ita
978 3364 1072 3429 etiarn
1086 3363 1201 3428 iudicia
1217 3367 1437 3447 suscepemnt;

264 3448 294 3512 in
315 3450 374 3513 boc
395 3451 623 3515 consentientes
651 3453 683 3514 et
712 3451 801 3533 quasi
830 3472 891 3516 uino
923 3452 1035 3534 spititu
1062 3453 1094 3514 et
1119 3469 1184 3512 una
1211 3469 1284 3513 voce
1314 3468 1437 3513 concor·

264 3533 391 3599 dantes:
415 3555 522 3599 omnes
540 3537 672 3601 maiores
687 3557 736 3600 res
759 3540 791 3601 et
805 3538 972 3621 praecipua
992 3536 1120 3617 negocia
1141 3555 1199 3598 nec
1213 3555 1274 3598 non
1296 3535 1437 3600 omnium

263 3620 462 3684 eeclesiarum
494 3621 608 3687 iudicia
630 3622 668 3686 ad
702 3641 771 3686 eam
794 3623 883 3704 qnasi
918 3624 956 3686 ad
979 3624 1112 3685 matrem
1138 3626 1170 3684 et
1202 3624 1297 3704 caput
1327 3621 1437 3685 debere

262 3706 383 3773 referri:
407 3708 445 3770 ab
467 3726 505 3770 ea
526 3727 683 3790 nusquam
706 3709 861 3791 appellari,
883 3708 997 3773 iudicia
1011 3709 1078 3772 eius
1101 3707 1257 3770 anemine
1275 3707 1437 3770 retractari

263 3795 318 3855 aut
351 3793 449 3856 refelli
478 3793 588 3858 debere
609 3795 659 3858 rel
688 3814 784 3876 posse.
840 3795 931 3860 Unde
953 3796 1063 3858 beatus
1087 3793 1230 3858 Gelasius
1253 3811 1334 3874 papa
1354 3794 1438 3855 Ana·

263 3877 357 3942 stasio
372 3877 550 3961 imperatori
572 3880 749 3961 scribens*),
773 3880 877 3944 divina
892 3880 992 3944 fultus
1008 3879 1200 3954 auctoritate,
1222 3877 1296 3958 quid
1312 3880 1344 3941 et
1359 3897 1436 3958 qna-

262 3963 333 4027 liter
354 3963 392 4028 de
414 3965 589 4048 principatu
617 3968 741 4029 sanctae
765 3971 797 4029 et
822 3966 1007 4048 apostolicae
1040 3964 1122 4028 sedis
1155 3963 1269 4028 sentire
1302 3963 1436 4040 deberet,

263 4049 320 4113 hoo
341 4050 432 4113 modo
455 4069 527 4114 eum
549 4051 709 4115 instruxit:
738 4052 832 4128 „Etsi
854 4052 964 4132 inquit,
986 4051 1106 4115 eunotIs
1129 4049 1315 4131 generaliter
1336 4068 1437 4113 sacer-

263 4134 386 4200 dotibus
408 4137 491 4200 recto
513 4137 616 4201 divina
637 4138 843 4201 tractantibus
864 4137 1004 4200 fidelium
1019 4135 1162 4200 convenit
1184 4134 1263 4198 colla
1284 4134 1435 4211 submitti,

264 4224 379 4301 quanto
401 4221 505 4304 potius
520 4223 601 4287 sedis
616 4223 699 4286 illius
714 4223 849 4306 praesuli
871 4242 1041 4287 consensus
1056 4224 1104 4285 est
1119 4219 1319 4297 adhibendus,
1342 4238 1437 4302 quem

264 4307 381 4371 cunctis
404 4307 614 4374 sacerdotibus
637 4311 669 4372 et
683 4309 827 4373 divinitas
844 4328 969 4374 summa
982 4309 1081 4373 voluit
1093 4307 1294 4390 praeminere,
1316 4307 1349 4370 et
1363 4306 1437 4370 sub-

264 4437 471 4446 ma-

351 4481 374 4545 *1
392 4477 469 4548 June,
495 4477 560 4548 Reg.
589 4482 661 4553 pont
679 4479 754 4538 Rom.
772 4480 820 4536 Nr.
840 4485 901 4548 387,
929 4479 1017 4533 blansi
1033 4477 1109 4546 VIII,
1127 4481 1169 4533 31.
