3617 5284
394 561 457 626 190

392 732 506 798 favoris
536 732 584 797 sui
612 733 753 797 revelans
784 750 914 798 aroana:
948 730 1100 816 quidquid
1121 731 1237 817 Papiae
1267 735 1392 816 gestum
1413 735 1476 810 est,
1504 734 1571 797 tum

394 819 545 902 aequitati
574 838 670 901 quam
695 819 843 900 legitimis
865 819 1137 884 constitutionibus
1161 821 1193 883 et
1214 818 1424 884 sanctionibus
1445 821 1572 903 patrum

393 905 549 972 iuvenitur
577 905 752 973 adversum.
803 904 924 989 Quippe
952 905 1096 969 absentes
1125 905 1322 970 eundemnati
1355 906 1445 982 sunt,
1478 907 1511 969 et
1539 905 1571 968 in

393 1010 488 1056 eausa
515 1009 579 1054 nou
608 990 798 1066 examinate,
825 991 888 1056 imo
910 991 1013 1074 potius
1035 990 1161 1056 uonibi
1182 1009 1244 1056 uon
1266 991 1311 1055 sio
1332 1009 1394 1054 uon
1417 1009 1436 1054 s
1457 990 1572 1055 talibus

393 1076 606 1150 examinanda,
627 1075 826 1160 impudenter
847 1078 879 1140 et
899 1076 1114 1160 imprudenter
1135 1080 1168 1140 et
1188 1077 1332 1159 nequiter
1353 1079 1403 1143 est
1423 1076 1574 1161 praeeipi-

393 1165 462 1227 tata
482 1162 645 1226 sententia

480 1247 542 1313 Sed
557 1247 636 1312 torte
652 1247 852 1313 absentantes
867 1267 963 1329 quam
986 1249 1130 1313 absentes
1152 1247 1256 1330 potius
1278 1247 1339 1312 diei
1360 1249 1469 1330 plaoet
1507 1247 1573 1312 Hoo

392 1335 485 1418 plane
499 1333 558 1410 his,
580 1332 635 1414 qui
656 1335 782 1397 sanetae
796 1333 956 1398 Romanae
971 1333 1118 1398 eoelesiae
1133 1333 1329 1417 privilegium
1352 1335 1408 1397 aut
1429 1334 1574 1415 ignorant

394 1423 450 1484 aut
463 1419 671 1484 dissimulant
706 1419 922 1484 Universalem
939 1419 1099 1484 eoelesiam
1115 1421 1186 1501 quis
1208 1420 1403 1502 partioularis
1428 1419 1573 1490 eeclesiae

394 1505 525 1571 subiecit
560 1505 694 1569 iuditio?
751 1503 848 1583 Quis
884 1506 1129 1570 Teutonioos
1165 1505 1379 1571 eonstituit
1414 1503 1573 1568 iudiees

393 1591 623 1656 nationum?
672 1587 772 1669 Quis
800 1591 902 1655 hano
933 1591 1070 1656 brutis
1103 1593 1141 1655 et
1174 1590 1414 1674 impetuosis
1447 1590 1574 1655 homi-

394 1678 509 1765 uibus
543 1677 836 1740 auetoritatem
869 1677 1059 1754 eontulit,
1095 1679 1138 1741 ut
1168 1695 1236 1760 pro
1270 1677 1435 1741 arbitrio
1468 1677 1575 1759 prin·

394 1763 522 1846 eipem
548 1765 741 1826 statuant
765 1780 885 1844 super
913 1763 1050 1846 eapite
1089 1762 1270 1828 tiliorum
1307 1763 1577 1845 hominum?*)

395 1849 436 1912 lit
464 1847 590 1930 quidem
617 1849 676 1912 hoe
696 1847 807 1912 turer
828 1852 937 1912 eoru'm
959 1848 1138 1932 saepissime
1161 1849 1342 1926 attentavit,
1372 1848 1426 1913 sed
1448 1851 1574 1912 suetore

394 1935 529 1999 Domino
543 1935 658 1998 totiens
672 1936 848 2017 prostratus
863 1937 897 1998 et
911 1934 1058 2000 oeutusus
1073 1953 1166 2017 super
1180 1935 1345 2016 iniquitute
1361 1952 1421 1998 sua
1442 1934 1573 1998 erubuit

396 2019 458 2086 Sed
472 2021 544 2096 seio,
559 2019 635 2102 quid
648 2020 837 2085 Teutonicus
851 2020 1007 2084 molietur.
1029 2021 1124 2084 ilvam
1140 2021 1222 2084 enim
1238 2021 1364 2096 Romae,
1379 2018 1575 2103 praesidente

394 2107 487 2170 beato
508 2105 656 2188 Eugenio,
678 2105 811 2187 quando,
833 2106 935 2189 prima
957 2106 1109 2188 legatione
1130 2106 1227 2170 misso
1248 2105 1281 2170 in
1302 2105 1391 2188 regni
1406 2105 1456 2169 sui
1476 2105 1574 2181 mitio,

396 2192 476 2256 tanti
504 2192 573 2256 ausi
593 2190 819 2275 impudentiam
841 2195 947 2257 tumor
967 2191 1170 2257 intolerabilis
1193 2195 1225 2255 et
1245 2191 1352 2273 lingua
1374 2191 1502 2255 ineeuta
1522 2190 1575 2255 de-

394 2280 480 2342 texit
524 2277 732 2342 Promittebst
752 2278 835 2341 enim
857 2295 891 2341 se
913 2278 1010 2342 totius
1032 2277 1113 2342 orbis
1135 2277 1378 2343 reformaturum
1399 2277 1573 2360 imperium,

396 2367 429 2428 et
449 2364 520 2428 urbi
542 2363 770 2428 subiieiendum
791 2365 913 2440 orbem,
935 2367 1109 2446 eventuque
1131 2363 1215 2428 faoili
1237 2363 1340 2428 omnia
1362 2363 1574 2439 subaoturum,

395 2450 422 2514 si
452 2450 481 2514 ei
510 2449 549 2514 ad
578 2449 638 2514 boe
665 2449 761 2514 solius
789 2449 923 2514 Romani
953 2449 1107 2532 pontificis
1133 2450 1221 2515 favor
1250 2449 1381 2514 adesset.
1424 2449 1462 2513 Id
1491 2449 1574 2514 euim

396 2537 517 2618 agebat,
538 2538 576 2599 ut
589 2535 622 2598 in
638 2552 868 2618 quemeumque
883 2533 1079 2600 denuncietis
1100 2535 1270 2599 iuimioitiis
1291 2534 1487 2600 materialem
1508 2535 1575 2617 gla-

396 2621 483 2686 dium
496 2622 674 2704 imperator,
695 2620 729 2684 in
744 2619 878 2685 eundem
895 2621 1053 2686 Romanvm
1068 2619 1205 2704 pontifex
1220 2621 1413 2703 spiritualem
1436 2620 1574 2702 gladium

396 2711 559 2772 exsereret
568 2706 621 2789 **)
661 2706 733 2771 Non
747 2705 867 2771 invenit
881 2705 991 2784 adhue,
1015 2708 1068 2790 qui
1083 2709 1191 2771 tentae
1207 2707 1394 2772 consentiret
1407 2705 1574 2788 iniquitati,

395 2791 1575 2962 immutationi·tldttildtltttitt

395 2965 481 3042 mini,
524 2964 626 3028 filium
657 2964 764 3046 itaque
803 2963 1045 3042 meledictionis,
1072 2983 1129 3048 per
1157 2964 1245 3029 euius
1274 2962 1520 3046 designationem
1543 2966 1575 3026 et

395 3050 648 3134 erpeotatiouem,
669 3069 725 3134 per
740 3050 856 3114 multas
873 3050 1091 3128 suoeessioues,
1115 3050 1255 3134 oprimis
1276 3049 1413 3114 familiae
1433 3049 1574 3133 patribus

395 3137 434 3200 ad
456 3137 569 3221 ipsum,
591 3136 640 3200 oui
655 3136 881 3213 reservabatur,
903 3136 1060 3202 maledieti
1084 3137 1260 3201 derivatum
1281 3138 1329 3200 est
1351 3138 1383 3199 et
1404 3152 1574 3217 ooguomen

395 3226 428 3284 et
454 3241 576 3287 nomeu.
619 3221 662 3286 ut
694 3222 774 3288 torte
807 3221 847 3286 ad
879 3222 1098 3305 purgationem
1127 3224 1159 3287 et
1185 3221 1400 3305 probationem
1428 3220 1575 3286 eoelesiae

395 3426 451 3480 bar.
470 3421 659 3490 Ebensoveuig
668 3422 795 3491 verbfirgt
802 3420 840 3475 ist
849 3421 892 3475 die
900 3419 1021 3490 Anilege
1030 3420 1121 3486 Rosos,
1131 3418 1196 3474 Vita
1201 3419 1274 3475 Alex.
1286 3420 1445 3490 (Watteriuh
1457 3419 1493 3486 Π,
1503 3421 1576 3486 384),

395 3495 458 3549 dass
477 3494 520 3548 die
538 3492 692 3548 Gesuudton
709 3491 860 3546 Friedriohs
878 3491 973 3546 Vilior
991 3491 1034 3545 die
1053 3490 1197 3546 Adoration
1215 3491 1339 3546 eruissen
1357 3491 1459 3545 httteu.
1486 3487 1577 3544 'Prote

396 3566 454 3619 dem
473 3565 569 3619 uimmt
585 3563 685 3617 &uter
702 3579 726 3618 a.
745 3579 769 3619 a
788 3561 820 3617 0.
838 3563 861 3630 1,
879 3567 915 3617 89
927 3579 953 3616 u.
971 3565 1005 3616 92
1029 3561 1105 3615 beide
1123 3561 1261 3631 Aulrlageu
1281 3562 1320 3616 als
1338 3561 1477 3615 ervvieseue
1494 3558 1577 3614 That-

396 3635 492 3690 suubeu
517 3635 545 3688 iu
575 3634 647 3688 seina
663 3633 838 3702 Darstelluug
861 3634 913 3688 aut.
944 3663 977 3675 -·
1006 3632 1062 3686 Das
1080 3632 1175 3698 Reoht,
1199 3633 1236 3686 im
1254 3631 1327 3686 Falle
1352 3632 1423 3686 eines
1442 3631 1576 3685 tlobisruas

395 3707 453 3761 eine
470 3705 726 3760 Kirebeuversamml
804 3721 836 3758 nu
861 3704 969 3758 bemfeu
995 3703 1050 3758 und
1074 3720 1104 3756 au
1130 3703 1265 3758 derselbeu
1289 3702 1366 3757 beide
1392 3701 1576 3772 Gegenpipste

396 3777 562 3842 vomuladeu,
580 3775 674 3829 hatten
692 3774 736 3828 dio
798 3775 804 3787 ‘
835 3791 849 3828 r
867 3774 919 3828 seit
938 3774 1006 3829 alter
1024 3773 1082 3828 Zeit
1099 3775 1237 3842 ausgetlbt
1258 3773 1314 3840 (Ieh
1332 3773 1451 3827 erinuere
1470 3787 1518 3825 aus
1531 3772 1577 3826 der

396 3847 569 3902 uumittelbar
585 3845 816 3914 vorausgebeuden
827 3845 887 3899 Zeit
903 3861 937 3899 an
956 3845 999 3899 die
1018 3845 1196 3913 deburger
1207 3843 1412 3912 Versammlung
1430 3844 1455 3898 d.
1467 3842 1493 3897 J.
1509 3847 1576 3896 1130

396 3919 423 3973 in
435 3917 537 3972 Sseben
549 3917 596 3970 des
604 3915 739 3970 &hienae
751 3915 878 3970 rwisoheu
891 3915 1007 3970 duellet
1015 3915 1051 3971 11.
1071 3914 1125 3968 und
1137 3915 1263 3968 quoeeur
1274 3913 1326 3983 11.)
1362 3913 1433 3966 Dass
1452 3912 1520 3966 suelr
1533 3913 1576 3967 die

395 3987 535 4058 Majoritat
552 3987 599 4041 der
610 3986 795 4056 Zeitgenosseu
813 3986 873 4040 dem
884 3985 979 4040 Kaiser
996 3986 1039 4040 eiu
1058 3984 1159 4039 solebes
1174 3983 1261 4038 Reeht
1279 3985 1446 4050 zuerlrannto,
1465 3983 1575 4038 beveist

396 4059 472 4113 nieht
481 4059 553 4113 bloss
566 4057 613 4111 dar
624 4057 767 4111 Besolrluss
776 4057 852 4126 jener
864 4061 898 4110 22
911 4056 1041 4123 Bisehdfe,
1061 4055 1172 4110 sonderu
1186 4054 1252 4108 aueh
1265 4055 1308 4108 die
1320 4054 1434 4109 Ansieht
1444 4051 1573 4121 Gerhohs,

396 4130 436 4183 De
452 4130 547 4184 invest
567 4126 687 4184 Antichr.
706 4127 729 4196 1,
754 4145 777 4183 o.
796 4131 839 4194 62,
863 4143 939 4182 wenn
958 4127 1044 4181 dieser
1061 4125 1138 4192 aueh,
1163 4141 1208 4178 um
1232 4125 1275 4179 ein
1294 4125 1464 4194 allgemeines
1482 4123 1577 4178 Kouzil

396 4218 428 4255 au
452 4199 639 4268 ermiglieheu,
668 4199 717 4253 das
742 4198 997 4252 Zussmmeuwirlreu
1025 4197 1090 4250 aller
1114 4195 1217 4265 Kduige
1250 4195 1378 4252 vvdnseht
1426 4196 1450 4258 *l
1484 4195 1577 4250 Dieses

397 4271 530 4326 nationale
553 4270 671 4323 liommt
696 4269 733 4323 im
754 4268 866 4340 Kampsa
890 4285 974 4338 gegen
1000 4267 1050 4322 den
1075 4284 1133 4321 vom
1156 4265 1251 4320 Kaiser
1275 4268 1470 4321 untersttitzten
1495 4265 1579 4337 Papst

396 4342 491 4396 Vilior
516 4342 587 4395 lernt
610 4356 672 4394 man
698 4340 766 4394 auch
791 4339 920 4393 eusdem
944 4336 1269 4393 Gesandtsuhustsberieht
1291 4337 1443 4390 Burehards
1466 4337 1577 4391 leuueu.

395 4412 543 4537 §much
561 4411 604 4520 die
623 4410 808 4464 zvveituttohsto
826 4409 1015 4478 Anmerlrungl
1065 4410 1105 4478 ”l
1124 4407 1185 4477 Vgl.
1205 4424 1244 4463 nr.
1263 4408 1362 4461 ma
1378 4406 1458 4462 bum.
1477 4407 1576 4461 meiner

497 4499 569 4551 ung.
