3617 5284
380 529 424 595 34

383 699 530 782 inquam,
556 698 590 763 in
619 717 682 782 quo
708 700 792 774 stas,
820 699 906 762 tarra
935 699 1043 762 sancta
1069 698 1135 772 est3
1163 697 1250 762 locus
1276 695 1363 762 Petri
1390 699 1452 776 est,
1480 697 1567 764 locus

383 785 538 869 Principis
552 785 781 869 Apostolorum,
802 783 857 848 ubi
879 785 1036 848 steterumt
1056 783 1150 867 pedes
1173 784 1248 848 eius
1281 783 1382 848 Locus
1403 783 1488 849 illiue
1506 787 1568 860 cst,

385 891 480 970 quem
513 870 677 936 constituit
703 869 858 934 Dominus
888 868 1050 934 dominum
1082 868 1193 933 <lomus
1226 888 1302 934 suae
1336 871 1368 934 et
1395 869 1565 968 principem

382 976 483 1023 omnus
515 956 718 1041 possessionis
751 974 835 1020 suae.
885 953 920 1018 Si
952 954 1031 1020 forte
1063 953 1265 1019 declinaveris
1298 973 1318 1020 a
1348 954 1400 1019 via
1430 955 1564 1034 Domini,

382 1045 526 1127 sepultus
549 1045 598 1107 est
618 1041 653 1106 in
674 1040 784 1107 ecdem
804 1041 885 1116 loco,
907 1043 944 1105 ut
965 1040 1007 1104 sit
1028 1040 1086 1105 tibi
1107 1042 1215 1106 contna
1235 1042 1268 1104 te
1288 1039 1322 1104 in
1342 1041 1564 1106 testimonium.

381 1129 493 1193 Merito
515 1128 572 1193 tali
592 1126 724 1212 pastori,
745 1126 803 1192 tali
824 1125 955 1191 nutritio
977 1126 1143 1192 commissa
1164 1129 1213 1191 est
1233 1125 1386 1203 Ecclesia,
1415 1146 1488 1192 cnm
1509 1126 1563 1190 ed·

380 1215 443 1278 huc
474 1217 597 1291 tenera,
629 1232 702 1279 cum
730 1213 832 1277 adhuc
856 1211 891 1276 in
913 1212 1074 1276 cunabulis
1097 1214 1195 1286 esset;
1226 1212 1315 1276 cuins
1337 1212 1445 1278 edocta
1465 1212 1565 1295 magi·

383 1299 477 1365 sterio
493 1303 526 1364 et
540 1299 680 1383 exemplo
702 1298 842 1375 educata,
864 1297 970 1362 omnia
990 1299 1114 1362 terrena
1135 1298 1284 1372 calcaret3
1306 1318 1328 1362 ιι
1383 1301 1415 1362 te
1437 1299 1492 1382 qui
1514 1317 1565 1363 ex-

383 1388 524 1450 cusserat
544 1403 658 1450 manns
680 1402 754 1449 suas
776 1386 815 1449 ab
837 1383 922 1448 omni
944 1402 1088 1461 munere,
1116 1383 1170 1465 qui
1192 1383 1314 1448 dicebat
1356 1402 1373 1448 e
1395 1384 1486 1449 corde
1508 1403 1564 1450 auc

381 1474 415 1536 et
429 1470 617 1536 conscientia
630 1471 729 1536 bona:
751 1472 926 1552 Argentum
942 1471 973 1534 et
989 1488 1101 1535 aurum
1115 1489 1178 1534 non
1192 1472 1241 1534 est
1261 1469 1340 1534 mihi
1354 1469 1435 1553 (Act
1450 1470 1507 1548 ΠΙ,
1522 1471 1565 1554 6).

381 1557 469 1622 Haeo
489 1557 650 1621 hactenus.

467 1641 634 1707 Caeterum
655 1659 765 1718 causa,
797 1659 894 1723 qnare
917 1643 989 1705 ante
1011 1642 1136 1726 tempus
1158 1641 1334 1726 scripserim
1355 1641 1458 1718 ιοιιιι,
1487 1641 1564 1707 haec

383 1731 442 1794 est
484 1727 708 1793 wintoniensis
737 1726 899 1811 episcopus
930 1729 962 1790 et
990 1727 1193 1792 Eboracensis
1223 1726 1473 1811 archiepiscopus
1501 1747 1564 1792 non

382 1813 569 1896 gradiuntur
582 1833 646 1880 uno
660 1833 676 1878 s
697 1812 773 1878 iritn
787 1831 860 1877 cum
874 1811 1092 1878 cantuariensi
1114 1811 1384 1898 archiepiscopo,*)
1406 1813 1462 1878 sed
1483 1813 1565 1878 incc-

381 1900 462 1964 dunt
491 1899 550 1964 sibi
579 1919 616 1964 ex
684 1917 787 1976 verso,
819 1899 852 1963 et
879 1897 958 1962 haee
985 1901 1076 1963 vetus
1103 1902 1152 1963 est
1180 1899 1218 1964 de
1247 1898 1401 1982 legatione
1430 1900 1564 1982 querela

381 1985 607 2050 Verumtamen
637 1983 708 2067 quis
729 1986 778 2048 est
798 1984 865 2061 ille,
895 1986 928 2048 et
949 1983 1003 2066 qui
1025 1987 1100 2048 sunt
1119 1984 1188 2049 illi?
1231 1983 1341 2050 Nonne
1363 1985 1564 2050 Eboracensis

384 2071 451 2155 ipae
474 2073 531 2149 eat,
553 2071 603 2135 cui
624 2073 657 2136 tc
678 2071 850 2154 praesente,
871 2088 945 2134 cnm
962 2069 1064 2134 adhuc
1085 2089 1169 2136 esses
1192 2071 1282 2152 quasi
1303 2089 1386 2135 unus
1408 2089 1444 2136 ex
1466 2071 1563 2147 nobis,

384 2157 496 2221 iratres
525 2157 574 2220 tui
600 2155 783 2222 restiterunt
810 2153 991 2233 infaciem,
1020 2174 1055 2221 ao
1084 2155 1167 2238 quod
1194 2155 1444 2240 reprehensibilis
1474 2159 1564 2221 eret?

384 2242 446 2307 Sed
468 2241 605 2327 sperarit
633 2243 666 2306 in
694 2240 896 2306 multitudine
919 2240 1098 2306 ιιιιιιιιιιιιιι
1119 2259 1250 2307 suarum
1278 2245 1310 2308 et
1337 2242 1513 2326 praevaluit
1533 2243 1566 2307 in

383 2327 522 2392 vanitate
543 2346 609 2392 sua
654 2326 784 2394 Certum
806 2329 855 2392 est
874 2329 990 2406 tamen,
1019 2328 1103 2410 quod
1131 2347 1194 2392 non
1212 2327 1341 2394 intrarit
1368 2347 1425 2412 per
1451 2329 1567 2393 ostium

382 2414 417 2478 in
438 2413 519 2479 ovile
540 2413 654 2490 orium,
675 2413 731 2477 aed
746 2411 885 2478 ascendit
900 2411 1032 2477 aliunde.
1070 2413 1105 2479 Si
1119 2416 1227 2498 pastor
1248 2412 1368 2491 ferisset,
1389 2413 1565 2496 diligendus

385 2500 470 2574 erat3
493 2499 520 2563 si
542 2499 759 2576 mercenarius,
780 2497 980 2563 tolerandus:
1001 2517 1086 2564 nunc
1108 2502 1214 2565 autam
1236 2499 1390 2565 carendus
1413 2503 1445 2564 et
1466 2500 1566 2584 repel-

381 2584 502 2663 lendus,
523 2586 632 2668 utpote
653 2583 705 2649 iun
726 2587 759 2649 et
778 2584 866 2651 latro.
898 2583 982 2663 Quid
1003 2583 1105 2650 dicam
1126 2585 1164 2650 de
1186 2584 1309 2651 domino
1330 2585 1561 2652 Wintoniensi?

383 2671 494 2755 Opera,
516 2689 597 2753 qnae
618 2669 684 2753 ipse
705 2669 787 2747 facit,
808 2669 1024 2736 testimonium
1038 2670 1202 2755 perhibent
1216 2670 1254 2736 de
1270 2690 1314 2736 eo.
1343 2671 1440 2737 Porro
1461 2671 1561 2736 archi·

385 2757 547 2841 opiscopus
575 2755 824 2833 cantuariensis,
856 2755 908 2821 cui
936 2756 1155 2834 adversantur,
1185 2757 1233 2821 vir
1264 2757 1427 2840 religiosus
1455 2769 1504 2822 est
1529 2760 1561 2822 et

382 2841 589 2907 suaveolentis
604 2841 762 2925 opinionis
797 2841 859 2908 Pro
873 2841 941 2926 ipso
956 2841 1101 2925 petimus,
1122 2845 1159 2907 ιιι
1180 2842 1367 2927 respondeat
1388 2843 1417 2908 ei
1439 2843 1560 2908 iustitia

382 2946 448 2992 sua
491 2927 609 2992 Verum
629 2927 755 2993 illorum
782 2927 932 3010 imquitas
960 2947 1054 3011 snper
1075 2947 1136 3005 eos,
1165 2931 1202 2993 ut
1230 2928 1278 3007 sit,
1308 2929 1389 2994 sicut
1411 2929 1562 3013 scriptum

382 3016 447 3078 est:
478 3013 604 3078 Iustitia
632 3013 707 3078 iusti
732 3031 827 3097 super
855 3032 928 3078 enm
951 3013 1024 3092 eu't,
1054 3018 1087 3079 et
1112 3014 1256 3099 impietas
1277 3015 1365 3100 impii
1387 3015 1447 3079 en't
1468 3033 1561 3098 super

381 3117 455 3163 eum
469 3099 592 3184 (Erech
605 3098 721 3176 XVIH,
743 3099 807 3182 20).
843 3099 925 3164 Cum
947 3099 1100 3183 acceperis
1122 3103 1256 3184 tempus,
1279 3101 1451 3166 secundum
1466 3119 1560 3185 opera

382 3203 534 3250 manuum
555 3184 680 3249 illorum
694 3185 846 3250 retribues
866 3184 937 3262 illis,
959 3186 997 3250 ut
1011 3185 1111 3250 suant
1124 3187 1310 3270 prophetam
1324 3205 1393 3252 esse
1407 3186 1440 3251 in
1453 3186 1560 3251 Israel

370 3305 376 3314 ·
469 3269 573 3350 Quis
600 3269 697 3334 mihi
724 3269 805 3348 det,
833 3273 1045 3353 antequam
1071 3273 1233 3350 moriar,
1267 3271 1397 3337 videre
1425 3273 1561 3338 Eccle-

383 3355 481 3420 siam
501 3355 573 3421 Dei
608 3356 715 3421 sicut
742 3355 782 3419 in
810 3355 952 3422 diebus
981 3357 1173 3439 antiquis,
1206 3357 1360 3440 quando
1389 3358 1561 3442 apostoli

382 3441 576 3506 laxabant
596 3442 701 3506 retia
722 3441 762 3505 in
783 3445 1001 3526 capturam,
1022 3462 1098 3508 non
1120 3443 1160 3507 in
1183 3446 1386 3527 capturam
1408 3444 1561 3526 argenti

383 3527 444 3591 vel
465 3526 569 3603 anri,
591 3526 652 3592 sed
675 3527 714 3591 in
736 3531 943 3612 capturam
964 3529 1205 3594 animarum?
1239 3529 1342 3609 Quam
1364 3529 1454 3614 cupio
1476 3528 1560 3595 illius

382 3615 414 3677 te
436 3612 629 3678 haereditare
650 3631 770 3691 vocem,
792 3613 880 3678 ouius
903 3614 1036 3698 adeptus
1058 3635 1091 3680 es
1113 3614 1235 3680 sedem!
1278 3615 1428 3692 Pecunia,
1450 3614 1561 3698 inquit,

381 3701 440 3762 tua
465 3701 570 3763 tecum
598 3698 641 3763 ιιι
668 3698 702 3763 in
729 3698 934 3782 perditionem
956 3699 1048 3784 (Acta
1068 3700 1155 3777 vm,
1176 3702 1241 3784 20).
1285 3700 1312 3767 0
1335 3720 1392 3768 vox
1414 3701 1560 3766 tonitnri!

384 3783 411 3850 0
426 3803 485 3848 ror
498 3783 745 3866 magnificentiae
760 3788 793 3849 et
805 3785 946 3850 virtutis!
962 3785 1001 3850 ad
1016 3787 1105 3851 ouius
1120 3788 1269 3852 terrorem
1284 3787 1513 3852 confundantur
1528 3791 1561 3852 et

384 3873 603 3935 οοιιιιιιιιιιιιιι
620 3872 792 3935 retrorsum
808 3889 925 3949 omnes,
944 3873 999 3954 qui
1016 3871 1148 3938 odenmt
1162 3871 1250 3938 Sion!
1279 3873 1347 3938 Hoc
1362 3872 1562 3938 vehementer

383 3959 541 4038 exspectat
562 3959 595 4020 et
616 3955 741 4020 omnino
763 3975 800 4021 er
822 3956 880 4020 etit
900 3976 921 4022 a
942 3960 973 4023 te
994 3961 1096 4023 mater
1112 3961 1183 4033 tua;
1206 3959 1265 4023 hoc
1280 3957 1336 4022 filii
1349 3958 1460 4023 matris
1480 3962 1561 4035 tuae,

382 4041 488 4124 pusilli
510 4061 583 4106 cum
605 4041 773 4108 maioribus
795 3976 988 4122 iesieerent,
1009 4045 1068 4110 hoc
1090 4044 1264 4130 suspirant:
1293 4047 1330 4110 ut
1351 4045 1452 4110 omnis
1472 4046 1561 4129 plan-

417 4325 422 4337 ,
452 4255 476 4318 *l
495 4256 555 4326 Vgl.
565 4271 614 4381 ᾇ)
632 4273 672 4312 nr.
691 4261 752 4312 235.
777 4256 899 4313 Gemeint
917 4259 977 4313 sind
996 4259 1039 4314 die
1056 4259 1178 4314 Bischble
1195 4259 1324 4314 Heinrich
1342 4278 1365 4316 ι.
1384 4259 1558 4329 winchester,

379 4325 505 4381 erhelm
523 4345 548 4383 ι.
590 4327 638 4381 orl
656 4327 709 4382 und
728 4327 1083 4384 derErabischol'l'hcobald
1102 4349 1126 4386 v.
1140 4329 1312 4399 Cantorbury.
1342 4330 1409 4385 Dem
1426 4331 1463 4388 hl.
1480 4331 1561 4386 Beru-

381 4396 449 4451 hard
472 4397 533 4464 galt
549 4397 674 4452 Wilhclm
698 4397 739 4451 als
756 4398 959 4468 Eindringling,
983 4400 1023 4455 als
1047 4401 1251 4473 rechtmasaiger
1267 4401 1377 4458 Bischct
1397 4401 1440 4458 aiu
1463 4401 1559 4459 Cister-

382 4467 536 4523 zienaarabt
572 4468 632 4538 Vgl.
652 4469 719 4523 anch
737 4486 777 4524 nr.
795 4473 848 4526 639
866 4487 892 4526 ιι.
911 4475 972 4526 640.
