3617 5284
1279 515 1427 608 ‚¹51

249 704 308 769 sibi
330 703 506 770 subiectum
528 703 628 788 scopis
652 704 700 768 vel
722 702 857 769 fustibus
881 705 947 769 cedi
969 704 1103 768 iusserit
1151 703 1313 786 Excipitur
1334 701 1431 766 etiam

250 792 288 856 ab
316 791 376 855 bac
408 791 493 874 pacis
526 789 754 864 constitutione,
787 789 812 854 si
847 791 991 855 dominus
1024 791 1191 873 imperator
1224 788 1346 871 publice
1380 807 1432 852 ex·

249 877 437 960 peditionem
463 875 531 940 fieri
559 876 684 940 iusserit
709 878 836 959 propter
867 875 1056 961 appetendos
1083 875 1171 956 regni
1199 874 1349 951 inimicos,
1382 875 1432 938 rel

249 963 413 1026 concilium
435 962 494 1026 sibi
518 962 631 1026 babere
652 961 813 1044 placuerit,
849 963 975 1045 propter
996 960 1206 1025 diiudicandus
1232 959 1354 1024 iusticie
1376 960 1431 1023 ad·

248 1047 408 1114 versarios.
452 1047 524 1112 Non
545 1046 678 1111 violatur
699 1065 768 1130 pax,
796 1047 822 1112 si
844 1047 969 1111 interim
992 1047 1055 1110 dux
1077 1045 1207 1110 autulii
1229 1045 1358 1110 comites
1379 1046 1429 1110 vel

250 1134 389 1199 advocati
412 1135 461 1198 vel
489 1133 542 1215 qui
572 1133 674 1197 ricem
694 1133 819 1197 illorum
848 1133 1023 1215 funguntur
1055 1133 1172 1216 placita
1193 1131 1366 1207 habuerint
1396 1133 1429 1195 et

249 1219 421 1284 secundum
444 1218 526 1302 quod
547 1218 596 1282 lex
618 1219 713 1282 habet
735 1219 766 1283 in
788 1219 873 1283 fures
897 1225 928 1283 et
958 1219 1109 1302 predones
1132 1221 1165 1282 et
1187 1217 1264 1282 alios
1284 1221 1431 1281 nocentes

249 1305 365 1370 iudicia
387 1305 587 1370 exercuerint
633 1303 816 1369 Securitatis
845 1306 946 1386 gratia
972 1305 1115 1369 omnibus
1141 1305 1287 1387 precipue
1309 1302 1431 1367 faicosis

248 1391 341 1456 buius
364 1391 517 1455 dominice
539 1389 624 1473 pacis
656 1392 777 1455 statuta
805 1396 853 1455 est
877 1389 1016 1466 tradicio,
1050 1390 1104 1454 sed
1126 1409 1188 1454 non
1214 1393 1252 1453 ut
1279 1391 1351 1472 post
1379 1407 1430 1452 ex-

248 1477 365 1561 pletam
385 1495 495 1576 pacem
517 1493 625 1559 repere
647 1481 679 1539 et
700 1476 822 1573 predari
843 1495 898 1560 per
913 1476 1003 1540 villas
1027 1479 1059 1540 et
1079 1494 1134 1559 per
1156 1475 1264 1540 domos
1286 1474 1430 1572 audeant,

249 1561 1200 1730 tutet,eilge„eberneicurtem
1221 1562 1430 1730 {tutet

250 1735 324 1818 quia
349 1733 530 1818 predatores
559 1735 591 1797 et
623 1738 814 1814 grassatores
844 1735 882 1798 ab
911 1734 970 1798 bac
997 1733 1102 1797 divina
1123 1752 1198 1816 paee
1221 1737 1253 1796 et
1285 1733 1324 1795 ab
1346 1734 1429 1797 omni

248 1839 376 1904 prorsus
410 1819 612 1903 excipiuntur.
671 1818 705 1884 Si
738 1821 808 1901 quis
841 1819 915 1884 huic
947 1819 996 1902 pie
1030 1819 1243 1884 constitutioni
1277 1820 1431 1884 contraire

250 1906 356 1982 nititir,
384 1909 422 1970 ut
443 1925 501 1969 nec
522 1923 630 1988 pacem
644 1905 710 1970 Deo
726 1905 908 1988 promittere
929 1924 988 1970 nee
1002 1905 1097 1968 etiam
1112 1905 1275 1969 observare
1289 1904 1430 1982 uoluerit,

249 1991 379 2057 missam
393 1991 440 2055 illi
454 1991 561 2055 nullus
575 1991 817 2075 presbiterorum
833 1995 958 2056 cantare
973 1993 1143 2074 presumat
1165 1992 1198 2054 et
1212 1991 1332 2053 nullam
1347 1992 1431 2056 salu-

247 2078 288 2142 tis
300 2097 408 2142 euram
418 2076 583 2162 inpendat;
601 2076 627 2140 si
647 2075 822 2140 infirmetur
839 2078 946 2141 nullus
965 2076 1205 2142 christianorum
1218 2095 1290 2140 eum
1302 2076 1429 2142 visitare

246 2167 415 2246 presumat
429 2164 461 2227 et
472 2162 582 2228 viatico
595 2162 690 2228 etiam
701 2163 734 2226 in
744 2163 805 2228 fine
817 2163 877 2227 nisi
888 2161 1052 2247 resipiscat
1062 2166 1173 2227 careat
1190 2161 1307 2244 Siquis
1320 2166 1429 2228 autem

248 2249 337 2314 illam
360 2248 424 2313 sive
447 2248 479 2312 in
501 2247 638 2332 presenti
659 2251 799 2332 tempore
822 2249 885 2314 sive
915 2248 948 2312 in
973 2249 1160 2332 perpetuum
1182 2249 1264 2331 apud
1291 2251 1431 2331 posteros

247 2337 371 2400 nostms
388 2334 502 2400 violare
520 2335 752 2418 presumpserit
774 2335 893 2399 anobis
913 2333 1199 2418 inrecuperabiliter
1220 2335 1432 2400 excommuni-

248 2423 337 2486 catus
350 2423 406 2486 est.
427 2421 499 2484 Non
515 2419 614 2502 magis
629 2419 662 2484 ln
677 2420 826 2485 comitum
836 2420 886 2484 vel
898 2420 1127 2501 tribunorum*)
1141 2419 1206 2484 sive
1218 2420 1431 2501 quorumlibet

248 2509 412 2591 potentum
438 2525 533 2589 quam
554 2505 586 2569 in
613 2505 711 2570 totius
734 2507 838 2590 populi
871 2506 1078 2570 communiter
1106 2508 1261 2589 potestate
1287 2509 1429 2571 constare

252 2592 418 2669 sanximus,
441 2593 478 2656 ut
499 2591 650 2656 vindictas
672 2611 767 2676 supra
789 2595 985 2668 memoratas,
1007 2591 1207 2656 violatoribus
1222 2594 1329 2655 sancte
1343 2593 1428 2675 pacis

251 2677 401 2751 inferant;
422 2681 454 2743 et
464 2678 523 2742 hoc
534 2677 769 2758 diligentissime
781 2681 919 2754 caveant
933 2697 972 2741 ne
984 2677 1016 2740 in
1027 2677 1183 2760 puniendo
1195 2677 1367 2741 amiciciam
1379 2680 1428 2742 vel

251 2763 365 2841 odium,
386 2765 436 2828 rel
458 2763 542 2828 aliud
566 2763 647 2846 quod
670 2763 808 2829 iustitiae
830 2763 1021 2828 contrarium
1042 2762 1085 2826 sit
1106 2766 1275 2839 exerceant,
1308 2781 1348 2827 ne
1376 2763 1429 2827 de·

250 2850 325 2915 licta
357 2849 533 2932 aliquorum
566 2849 756 2913 abscondant
789 2849 842 2913 sed
876 2849 980 2934 potius
1006 2849 1037 2912 in
1071 2847 1230 2932 publicum
1263 2848 1431 2932 proferant.

251 2935 365 3000 Nullus
386 2955 442 3020 pro
465 2933 652 3000 redimendis
676 2936 729 3017 qui
749 2935 782 2999 in
805 2936 897 3019 eulpa
919 2935 1103 3019 deprehensi
1125 2933 1250 2998 fuerant
1264 2936 1430 3018 pecuniam

251 3021 389 3120 accipiat.
447 3021 635 3086 Mercatores
667 3020 699 3084 in
732 3021 841 3085 itinere
876 3041 937 3103 quo
974 3021 1181 3102 negotiantur,
1213 3021 1321 3085 rustici
1353 3020 1429 3086 dum

250 3107 390 3172 rusticali
412 3105 504 3192 operi,
537 3107 661 3182 arando,
701 3107 851 3184 fodiendo,
891 3107 1044 3183 metendo,
1084 3107 1117 3170 et
1150 3105 1217 3170 aliis
1251 3107 1428 3172 huiusmodi

250 3213 375 3278 operam
397 3193 482 3267 dant
504 3191 589 3256 omni
611 3191 659 3257 die
681 3212 790 3276 pacem
812 3193 956 3257 babeant
982 3192 1129 3256 Mulieres
1145 3193 1252 3256 autem
1266 3194 1298 3256 et
1320 3213 1427 3257 omnes

251 3279 345 3344 sacris
374 3278 533 3343 ordinibus
563 3277 722 3343 adtitulati
748 3282 900 3364 perpetua
930 3297 1005 3361 pace
1033 3276 1196 3347 fruantur:
1230 3277 1261 3341 in
1290 3279 1426 3344 ecclesiis

249 3385 320 3430 vero
349 3368 381 3429 et
403 3363 604 3430 ecclesiarum
625 3363 783 3429 cimiteriis
806 3366 903 3428 bonor
925 3367 957 3428 et
976 3363 1150 3428 reverentia
1166 3363 1233 3428 Deo
1253 3365 1427 3447 prebeatur,

250 3455 286 3515 ut
306 3451 332 3516 si
354 3451 430 3515 illuc
451 3449 625 3532 confugerit
646 3454 752 3536 raptor
774 3450 822 3514 vel
844 3449 902 3526 fur,
924 3449 1052 3514 minime
1081 3468 1118 3514 ca
1138 3449 1230 3526 iatur,
1263 3450 1318 3514 sed
1346 3453 1428 3515 tem-

249 3537 302 3601 diu
324 3537 367 3601 ibi
389 3536 574 3612 obsideatur,
607 3536 704 3600 denec
724 3536 806 3600 fame
840 3538 969 3618 cogente
999 3535 1037 3599 ad
1071 3535 1090 3598 d
1134 3534 1260 3600 'tionem
1288 3541 1428 3618 cogatur.

250 3623 284 3688 Si
307 3623 418 3705 aliquis
441 3621 651 3686 defensionem
673 3641 733 3697 reo,
762 3641 857 3699 arma,
887 3621 1013 3698 victum,
1034 3622 1084 3685 vel
1105 3620 1214 3703 fugam
1235 3622 1337 3686 moliri
1358 3642 1428 3706 pre·

249 3708 425 3794 sumpserit
448 3707 551 3791 equali
566 3727 664 3792 penae
679 3707 761 3774 sicut
782 3727 853 3772 reus
869 3707 1048 3771 subiacebit
1077 3707 1187 3771 Banno
1203 3707 1299 3772 etiam
1320 3714 1426 3774 nostro

247 3794 471 3870 interdicimus,
503 3812 543 3858 ne
566 3793 678 3876 aliquis
707 3793 786 3858 sacri
814 3793 929 3858 ordinis
951 3793 1045 3857 huius
1067 3796 1193 3857 sanetae
1218 3792 1304 3876 pacis
1325 3799 1428 3859 maus·

249 3899 371 3962 grassor
393 3879 558 3955 convictus,
588 3879 690 3944 laicali
711 3879 848 3943 vindicta
875 3879 1032 3962 puniatur,
1060 3878 1115 3942 sed
1139 3877 1280 3962 episcopo
1301 3899 1427 3962 presen-

249 3969 341 4031 tetur.
395 3965 486 4032 Unde
515 3964 586 4030 laici
613 3964 816 4038 decollentur,
850 3963 922 4029 inde
950 3963 1051 4028 clerici
1078 3962 1303 4046 degradentu13
1343 3966 1426 4029 unde

248 4051 319 4117 laici
340 4052 573 4127 detruncentur,
605 4051 678 4116 iude
700 4051 801 4116 clerici
824 4051 862 4115 ab
886 4049 994 4115 officiis
1016 4049 1263 4133 suspendantur;
1301 4053 1333 4115 et
1355 4070 1426 4116 ocn-

250 4157 343 4204 sensu
375 4139 526 4204 laicorum
559 4137 673 4202 crebris
706 4136 829 4201 ieiuniis
861 4139 893 4200 et
919 4136 1097 4201 verberibus
1130 4155 1230 4217 usque
1263 4136 1301 4201 ad
1335 4138 1426 4202 satis-

250 4223 415 4290 factionem
436 4223 623 4305 affligantur.
667 4225 776 4288 Arnen.

338 4379 362 4449 ')
382 4379 428 4433 der
439 4378 604 4433 centenarius
622 4377 685 4432 oder
705 4378 817 4432 noerius
830 4377 943 4444 comitis,
962 4377 1008 4431 der
1020 4376 1193 4444 Schultheiss,
1212 4376 1258 4429 der
1276 4375 1312 4428 im
1324 4376 1426 4430 Nemeo

250 4451 296 4505 des
314 4449 412 4505 Graleu
430 4449 473 4504 die
489 4448 595 4502 niedere
614 4447 841 4504 Gerichtsbarkeit
859 4449 964 4502 ausbbt

1217 4564 1257 4627 4*
