3617 5284
347 557 413 621 218

348 728 521 812 praefetam
544 727 727 793 eccclesiam
749 729 873 793 exortae
894 728 979 802 sunt,
1008 745 1063 810 pro
1084 743 1161 810 pace
1183 723 1348 790 aecclesiae
1371 727 1404 790 et
1424 725 1527 790 seiute

348 814 471 879 animae
504 818 629 879 nostrae
655 812 759 896 ipsum
787 816 925 878 casuum
952 812 1071 876 destrui
1093 812 1223 877 fecimus
1246 813 1278 875 et
1298 813 1438 876 montem
1459 829 1527 876 eea·

348 900 460 965 clesiae
481 899 734 981 Wirzcburgeusi
755 898 822 964 iure
844 897 1043 983 proprietatis
1067 897 1260 974 tradidimus,
1282 915 1321 961 ne
1343 896 1525 962 decaetero

348 991 486 1050 cestrum
515 986 564 1050 vel
592 985 698 1067 ntique
726 985 859 1049 munitio
885 985 918 1048 in
948 984 1057 1049 eodem
1085 986 1191 1050 monte
1217 983 1274 1048 fiat
1294 983 1425 1048 tirmiter
1445 983 1527 1046 inhi-

348 1074 467 1137 bentes
510 1071 604 1136 hliud
627 1089 751 1152 quoque
773 1075 913 1136 castrum
932 1071 1153 1152 ibenhenberg
1174 1069 1310 1146 dictum,
1338 1069 1421 1150 quod
1444 1068 1528 1133 adie-

347 1157 430 1222 ccnti
458 1157 601 1222 abbatiae
627 1157 802 1221 hmerbsch
831 1155 1076 1222 destructionem
1103 1155 1282 1220 minabatur
1310 1158 1342 1220 et
1370 1173 1426 1238 per
1454 1155 1527 1218 sub-

348 1243 521 1327 reptionem
552 1242 750 1307 inimicorum
778 1243 944 1308 eccclesiae
975 1241 1227 1324 wirzeburgensi
1259 1242 1382 1324 poterat
1413 1240 1526 1306 inferre

348 1329 530 1412 perieulum,
550 1327 695 1393 similiter
716 1328 927 1393 destruximus
950 1331 983 1394 et
1003 1331 1143 1393 montem
1164 1326 1253 1392 nulle
1274 1329 1414 1410 tempore
1428 1325 1527 1390 reedi-

347 1414 505 1480 ficandum
526 1413 674 1479 ecciesiae
695 1415 940 1496 recognovimus
1212 1463 1214 1468 .

435 1500 485 1565 Sit
512 1499 608 1582 igitur
636 1500 697 1565 hec
723 1504 832 1565 nostre
862 1502 1056 1585 pragmatico
1088 1500 1246 1566 sanctione
1274 1497 1526 1584 ‚supradictorum

349 1588 490 1652 omnium
521 1586 606 1650 omni
635 1604 693 1651 evo
720 1585 841 1651 stabilis
871 1589 904 1652 st
931 1587 1022 1653 firme
1050 1585 1246 1663 constitutio,
1280 1587 1312 1649 et
1342 1602 1434 1648 nemo
1462 1583 1527 1648 uilo

349 1691 502 1754 umquem
534 1676 674 1756 tempore
707 1690 777 1736 eam
805 1671 974 1755 infringere
1006 1674 1209 1740 velcessere
1237 1672 1407 1754 presumat
1451 1669 1527 1750 Qui-

349 1776 472 1840 cunque
502 1759 609 1822 eutem
639 1763 748 1822 contre
776 1777 847 1822 cem
868 1759 973 1825 venire
994 1760 1044 1824 vel
1065 1759 1105 1823 in
1120 1757 1244 1822 irritum
1265 1757 1528 1839 revocere⁸).pre-

348 1844 526 1927 sumpserit,
547 1844 764 1926 imperatoriae
786 1844 961 1910 maiestatis
982 1864 1055 1911 reus
1077 1843 1291 1924 severissimae
1306 1841 1527 1908 animadversi·

348 1930 416 1994 0nis
443 1947 561 2013 paenas
588 1930 726 1994 exsolvat
755 1932 788 1994 et
816 1930 902 1994 mille
930 1931 1025 1996 libras
1060 1931 1128 1995 ouri
1163 1927 1321 2014 purissimi
1355 1931 1527 2012 componat,

349 2015 550 2080 medietatem
572 2034 712 2079 numeres
729 2018 854 2080 nostrae
869 2018 902 2080 et
917 2017 1048 2082 alteram
1061 2015 1262 2081 medietatem
1276 2013 1526 2096 wirzeburgensi

348 2100 490 2187 episeopo
512 2103 545 2165 et
567 2101 742 2166 aecclesiae.
786 2100 877 2180 Quod
907 2107 943 2166 ut
971 2103 1073 2168 verius
1101 2101 1245 2167 credatur
1267 2103 1300 2165 et
1321 2101 1360 2165 ab
1382 2098 1527 2164 omnibus

348 2185 528 2270 diligentius
549 2187 738 2264 observetur,
759 2202 936 2271 presentem
958 2188 1030 2253 inde
1052 2188 1199 2273 peginam
1220 2186 1369 2252 conscribi
1392 2187 1424 2250 et
1446 2184 1526 2268 signi

348 2272 448 2338 nostri
479 2272 641 2337 kurahtere
669 2273 787 2337 firmari
815 2274 848 2337 et
875 2273 970 2356 sigilii
996 2275 1095 2341 nostri
1125 2273 1328 2357 impressione
1356 2271 1526 2354 insiguirii)

347 2377 437 2443 prece
458 2358 554 2434 imus,
576 2357 721 2423 adhibitis
742 2358 859 2424 idoneis
881 2360 1023 2438 testibus,
1045 2379 1177 2444 quorum
1190 2357 1317 2424 nomine
1335 2358 1393 2422 hec
1406 2359 1526 2422 suntet:

474 2442 587 2524 'tienne
604 2443 793 2526 Megcuntinac
819 2443 891 2497 aedis
919 2444 1136 2528 archiepiscopus,
1155 2444 1221 2528 'Udo
1240 2442 1356 2498 Cieensis
1379 2441 1527 2566 off&

348 2513 487 2582 Genmgus
504 2513 675 2568 Missenensrs
693 2530 838 2584 episcopus,
865 2514 944 2583 Hugc
962 2515 1103 2570 Ferdensrs
1121 2531 1273 2586 episcopus,
1301 2512 1394 2568 Roudo

349 2583 447 2638 ‹hensis
472 2583 623 2654 eiscopua,
652 2585 789 2639 hibericas
812 2583 958 2639 londensis
979 2586 1129 2658 episeopus,
1155 2585 1262 2640 Tercius
1280 2583 1451 2638 Placentinus
1473 2582 1526 2652 epi·

348 2671 451 2725 aesopus,
477 2601 661 2736 hupimundus
678 2655 832 2726 Yporiensis
883 2655 936 2710 isco
956 2673 994 2718 us,
1020 2657 1171 2712 Burcsrdus
1188 2655 1328 2710 Fuldamb
1346 2655 1437 2721 abbas,
1456 2653 1526 2709 Ceno

346 2725 548 2779 Retisbcnensss
566 2726 716 2795 episcopus,
743 2725 921 2780 Hildebcdus
966 2727 1149 2783 crisveldensis
1167 2727 1264 2793 abbas,
1291 2725 1436 2780 Niehoiaus
1454 2724 1527 2793 Sige-

347 2795 483 2864 bergcnsis
496 2796 588 2862 abbas,
606 2795 791 2864 Engelhurdua
809 2797 892 2850 abhus
910 2797 996 2852 sancti
1008 2797 1164 2864 Burcbsrdi,
1183 2796 1323 2852 Heinricus
1341 2796 1423 2850 abbas
1440 2795 1526 2848 sancti

348 2865 486 2936 Stephani,
512 2865 649 2920 Richolius
675 2866 782 2920 maioris
808 2867 948 2921 eecclesiae
966 2871 1138 2940 praepositus,
1165 2867 1277 2922 Perseus
1295 2867 1421 2932 dehemus,
1447 2865 1525 2920 Reiu-

348 2937 448 2990 herdus
483 2937 632 3007 nepositus
650 2937 710 2992 novi
728 2937 896 3003 Mouastcrii,
923 2937 1084 2994 Wernhsrus
1102 2939 1267 3010 praepositus
1284 2937 1370 2992 sancti
1388 2936 1526 3003 Johsnnis,

348 3007 455 3061 cheiri
475 3023 507 3060 us
519 3010 618 3073 mutor,
636 3007 770 3061 Johennes
782 3008 944 3075 scolasticus,
965 3009 1089 3064 hibertus
1101 3013 1199 3076 custos,
1217 3008 1334 3063 Wesreio
1352 3006 1526 3076 portenarius,

348 3078 489 3132 Heinricus
507 3095 525 3148 p
619 3077 672 3131 'tus
684 3078 717 3132 de
729 3077 921 3146 Onoldesbsch,
940 3079 1072 3134 Bertoiius
1090 3097 1152 3151 pras
1186 3080 1254 3134 situs
1272 3082 1300 3133 et
1318 3077 1524 3144 archidiaconus,

348 3148 503 3204 Counradus
580 3148 696 3216 erarius,
723 3148 864 3203 Heinricua
891 3148 925 3203 de
951 3149 1115 3219 Hesseburg‚
1171 3150 1284 3204 einricus
1311 3148 1344 3203 de
1371 3147 1525 3214 Beierbach,

346 3218 487 3300 licinricus
505 3219 594 3300 curiae
611 3219 839 3288 prothonotarins,
863 3218 1000 3304 Adelphos
1018 3223 1184 3303 ppsepositus
1202 3219 1385 3302 Gestariensis,
1409 3218 1526 3300 'rhaude

346 3289 667 3441 studebit
682 3289 1221 3431 tintuffithbtstutdith
1241 3291 1525 3443 dindimi
1638 3305 1645 3322 ’

346 3429 427 3484 radus
445 3429 580 3500 puistmus
597 3445 685 3483 comes
696 3430 792 3497 Rheni,
810 3430 875 3485 Otto
893 3431 1010 3487 marchio
1022 3432 1201 3500 Missencnsis,
1219 3430 1394 3487 Theodericus
1409 3429 1526 3483 marchio

348 3501 430 3554 freter
455 3500 520 3565 eius,
551 3499 693 3554 Hcimicus
718 3517 804 3555 comes
832 3502 864 3555 de
889 3501 976 3556 Witin
1003 3503 1085 3557 irater
1111 3519 1208 3570 eorum,
1236 3503 1301 3558 Otto
1327 3505 1356 3555 et
1377 3500 1526 3554 Fridericus

391 3570 458 3625 atini
475 3569 585 3624 comites
612 3569 645 3623 dc
663 3571 884 3638 Witilcncsbech,
912 3573 1045 3627 Bertolius
1063 3574 1179 3627 marchio
1207 3573 1239 3627 dc
1257 3572 1412 3641 Voheburg‚
1440 3589 1526 3626 comes

384 3641 479 3695 rtoiiua
496 3640 530 3695 ds
548 3640 675 3708 hudeasa,
699 3658 785 3696 comes
802 3641 933 3696 Rcdmius
953 3644 985 3697 de
1002 3643 1194 3715 t'uiiendorph,
1221 3659 1307 3698 comes
1324 3641 1476 3696 lodowicus
1493 3642 1526 3696 da

345 3713 413 3779 Ion,
441 3727 526 3765 comes
548 3710 591 3764 Rs
642 3729 657 3766 o
683 3712 716 3766 de
744 3713 883 3782 Abenberg
908 3717 936 3767 et
959 3714 1029 3769 tilius
1055 3716 1111 3769 eius
1134 3731 1219 3770 comes
1243 3713 1406 3780 Friderieus,
1434 3711 1525 3783 Boppo

345 3780 571 3850 wirseburgensis
616 3781 768 3850 urgmrins,
792 3783 974 3854 Murqwsrdus
993 3785 1026 3839 de
1045 3784 1194 3840 Grumbach
1212 3788 1240 3839 et
1258 3785 1307 3838 filii
1325 3784 1381 3838 sius
1399 3783 1525 3836 hibertus

344 3855 374 3906 et
397 3853 479 3920 Otto,
506 3851 661 3906 Burirsrdus
685 3853 714 3906 hi
750 3853 922 3924 deburgeusis
951 3855 1141 3924 burhgrsvius,
1169 3855 1326 3911 Oudalricus
1353 3853 1424 3907 filins
1452 3853 1527 3907 ducis

345 3922 475 3989 Bcemiae,
495 3921 620 3976 hibertus
638 3921 710 3976 fliius
747 3925 803 3978 ucis
820 3923 952 3990 Poloniae,
980 3926 1105 3980 hibertus
1124 3943 1210 3980 comes
1228 3925 1261 3980 de
1278 3924 1412 3994 Dilingsn,
1440 3940 1526 3978 comes

345 3992 410 4048 Otto
435 3993 468 4047 de
490 3992 661 4062 Kirhbsrgb,
689 4011 774 4048 comcs
799 3995 973 4064 Manegcidus
1000 3996 1032 4051 de
1056 3996 1196 4066 veringen,
1224 4013 1310 4051 comes
1335 3994 1468 4049 Bertolhus
1494 3994 1527 4050 de

439 4106 446 4131 ,
473 4079 560 4118 comes
584 4061 737 4118 Gerhsrdus
770 4065 802 4118 de
827 4065 961 4119 Bertheim
986 4070 1014 4120 et
1043 4067 1126 4122 irater
1153 4067 1210 4122 aius
1233 4067 1414 4131 Hermannua,
1442 4083 1527 4120 comes

344 4065 435 4258 Q
462 4133 495 4188 de
517 4133 680 4201 Wertheim,
708 4135 861 4190 Counrsdus
891 4137 1067 4205 burhgrsvius
1096 4137 1128 4192 de
1152 4137 1346 4207 Nouremberg‚
1376 4134 1527 4192 Roubertus

345 4205 378 4260 de
430 4204 529 4272 astole,
557 4203 711 4259 counradus
739 4206 772 4260 de
800 4206 1002 4276 Buohkesbcrg,
1030 4207 1183 4262 Fhedericus
1207 4208 1239 4264 de
1257 4207 1363 4275 Bilred,
1391 4207 1482 4278 Boppo
1499 4210 1529 4261 et

433 4331 460 4402 e)
477 4347 503 4386 v.
521 4329 539 4384 i.
558 4329 576 4384 i.
600 4347 727 4414 revocare¹
741 4331 809 4386 fehlt
832 4331 860 4385 in
884 4331 917 4385 B.
963 4331 991 4400 b)
1010 4332 1056 4416 133:
1084 4349 1164 4388 aurea
1188 4333 1260 4416 baiis
1283 4333 1374 4385 nostra
1395 4331 1446 4386 ins‘
1486 4333 1526 4389 'ri.

344 4399 702 4542 {gypbzzchchiussprotohoii
720 4405 758 4456 ist
775 4401 821 4456 der
838 4402 1060 4472 Reumersperms
1078 4404 1170 4459 helber
1188 4403 1259 4458 hiem
1276 4401 1413 4472 gednrcirt
1462 4408 1473 4471 )
1491 4404 1526 4458 B:
