3617 5284
1405 566 1449 630 33

271 735 408 800 animam
440 735 514 799 dare
536 734 638 800 debes.
683 735 718 800 Si
739 735 883 801 Christus
917 738 948 800 te
981 735 1082 812 misit,
1116 735 1294 801 aestimabis
1327 739 1358 800 te
1391 755 1454 800 non

269 821 454 896 ministrm,
486 820 542 884 sed
562 821 741 886 ministrare
763 823 899 897 venisse,
923 825 954 886 et
975 821 1152 886 ministrare
1174 841 1236 885 nou
1258 822 1360 887 solnm
1382 822 1456 886 sub-

271 907 428 984 stantiam,
451 906 505 970 sed
526 906 628 989 ipsam
651 926 775 990 quoque
797 909 942 984 animam,
965 908 1046 972 siout
1067 906 1226 989 praelatus
1241 927 1320 972 sum.
1353 907 1455 970 Verus

271 1011 429 1058 suooessor
450 992 542 1056 Pauli
574 992 658 1057 dioet
688 1013 761 1057 oum
793 993 912 1058 Paulo:
947 993 1017 1058 Nou
1050 991 1123 1074 quia
1156 993 1352 1057 dominamur
1384 993 1456 1057 fidei

271 1081 400 1156 vestrae,
422 1077 477 1142 sed
498 1078 655 1143 adiutores
676 1098 787 1143 sumus
816 1079 920 1161 gaudii
943 1079 1037 1143 vestri
1060 1078 1140 1160 (Cor.
1155 1078 1196 1155 11,
1222 1083 1248 1156 1,
1271 1079 1334 1162 23).
1370 1077 1458 1142 Petri

272 1165 380 1228 haeres
402 1163 508 1228 audiet
520 1164 651 1228 Petrum
666 1164 833 1229 dieentem:
856 1165 968 1246 Neque
983 1167 1019 1228 ut
1034 1165 1227 1229 dominantes
1249 1165 1375 1240 olerum,
1399 1163 1456 1228 sed

272 1249 371 1314 forma
391 1249 464 1314 faeti
486 1250 589 1332 gregis
612 1251 707 1331 (Petr.
729 1251 753 1325 I,
776 1253 805 1327 b,
827 1251 870 1333 3).
908 1250 959 1315 Sia
981 1250 1063 1314 enim
1085 1251 1148 1314 iam
1169 1270 1231 1314 non
1254 1249 1376 1327 aneilla,
1399 1249 1454 1313 sed

272 1421 460 1486 admiscetur
482 1422 651 1504 amplexus.
683 1422 828 1505 Alioquin
850 1439 1022 1505 perquem
1045 1421 1141 1486 alium
1163 1421 1240 1485 haee
1261 1425 1327 1485 tam
1349 1421 1454 1486 debita

271 1508 398 1572 libertas
426 1507 614 1589 sperabitur,
645 1508 671 1572 si
701 1511 734 1571 et
753 1511 790 1572 tu
812 1507 960 1590 -quod
983 1508 1063 1572 absit
1085 1507 1181 1570 -iu
1204 1507 1319 1572 Christi
1347 1506 1455 1572 baere-

272 1593 368 1657 ditate
397 1611 529 1675 quaeras
558 1613 638 1675 quae
659 1596 717 1658 tua
737 1597 826 1670 suut,
857 1594 911 1676 qui
938 1594 1002 1658 iam
1032 1595 1064 1658 et
1091 1596 1163 1656 aute
1193 1593 1360 1670 didioeras,
1389 1611 1452 1656 non

272 1679 338 1744 dioo
360 1682 417 1742 tna
437 1698 499 1743 non
520 1679 662 1756 retinere,
684 1679 739 1744 sed
760 1699 819 1744 neo
839 1683 915 1744 tuus
940 1681 1030 1743 esse?

355 1765 456 1847 Ergo
491 1764 679 1830 fiduciam
714 1765 835 1829 talem
871 1766 1022 1829 habens
1059 1765 1097 1828 in
1129 1767 1184 1842 te,
1221 1763 1378 1846 qualem
1411 1763 1452 1826 iu

271 1850 383 1915 nullo
410 1850 763 1934 praedeeessorum
790 1854 951 1916 tuorum
974 1869 992 1915 a
1013 1850 1155 1915 multis
1177 1853 1284 1914 rotro
1306 1851 1458 1932 tempo·

271 1935 383 2000 ribus
415 1935 502 2000 risa
534 1938 591 2001 est
620 1937 826 2014 habuisse,
859 1936 1034 2002 exsultat
1060 1936 1206 2000 merito
1236 1934 1386 2015 ubique
1417 1937 1456 1998 et

273 2022 474 2103 gloriatur
499 2021 539 2085 in
559 2022 725 2087 Domino
756 2023 884 2088 omnis
907 2023 1087 2087 Euolesia
1114 2022 1357 2095 sanatorum,
1388 2019 1456 2084 sed

273 2107 512 2190 speoialiter
542 2108 632 2185 illa,
671 2109 785 2172 ouius
817 2111 956 2172 uterus
990 2109 1027 2172 te
1060 2107 1235 2194 portavit
1274 2109 1311 2170 et
1343 2107 1456 2169 ouius

272 2193 393 2258 ubera
413 2195 457 2257 tu
479 2194 669 2272 suxisti.*)
713 2193 795 2272 Quid
810 2197 905 2276 ergo?
948 2193 1060 2258 Nonne
1074 2196 1114 2258 et
1135 2193 1213 2256 mibi
1234 2191 1308 2256 lieet
1322 2191 1457 2273 gaudere

272 2297 345 2342 oum
359 2278 590 2360 gaudentibus?
627 2280 780 2362 Nunquid
793 2300 856 2345 non
878 2299 930 2344 ero
946 2298 1027 2343 unus
1043 2279 1082 2342 de
1096 2297 1225 2343 numero
1247 2277 1457 2341 laetantium?

271 2365 446 2442 llxsultavi,
467 2364 580 2439 fatam,
603 2366 752 2430 aeduum
773 2367 922 2439 tremore;
953 2365 1112 2441 exsultavi,
1135 2364 1243 2429 sedin
1265 2363 1333 2446 ipso
1355 2363 1456 2426 exsul-

272 2449 398 2514 tationis
419 2469 509 2514 meoe
532 2450 663 2516 artioulo
691 2452 786 2515 timor
814 2455 848 2515 et
868 2455 985 2516 trenmr
1006 2455 1157 2514 venerumt
1179 2469 1272 2533 super
1293 2467 1352 2512 me.
1389 2449 1455 2528 Ego

273 2535 358 2600 euim
372 2536 431 2600 etsi
447 2555 561 2600 nomen
576 2538 673 2620 patris
696 2537 831 2620 deposui,
854 2537 992 2601 sednon
1014 2539 1168 2614 timorem,
1190 2535 1328 2600 sednon
1351 2534 1455 2598 anxie-

274 2623 383 2698 tatem,
405 2626 561 2704 postremo
582 2641 641 2687 nee
662 2622 816 2700 affeetum,
837 2641 895 2687 nee
916 2623 1034 2686 visoera
1055 2622 1160 2705 patris.
1195 2620 1362 2686 Considero
1385 2638 1456 2701 gra·

274 2707 366 2784 dum,
388 2711 420 2772 et
441 2727 550 2772 oasum
570 2727 692 2782 rereom
715 2709 873 2772 oonsidero
896 2707 1057 2790 fastigium
1079 2707 1257 2787 dignitatis,
1280 2709 1312 2772 et
1332 2705 1457 2770 intueor

272 2792 384 2857 faeiem
406 2794 511 2876 abyssi
533 2795 663 2859 iaoentis
685 2794 838 2858 deorsum.
872 2793 1009 2858 Attendo
1033 2792 1248 2858 eelsitudinem
1269 2791 1403 2868 honoris,
1425 2794 1458 2855 et

273 2878 410 3028 {illu
432 2879 957 3030 llllllulllll⁰udtll
979 2876 1456 3048 blidiffliitlrfflbfltll

275 3049 364 3128 Quod
394 3051 521 3131 quidem
550 3051 590 3115 ad
611 3069 739 3115 oausam
760 3051 877 3132 magis,
907 3069 1002 3132 qnam
1025 3050 1064 3114 ad
1086 3053 1211 3133 tempus
1235 3049 1367 3114 arbitror
1388 3067 1456 3111 esse

274 3135 483 3213 referendum,
516 3140 554 3200 ut
583 3137 627 3201 sio
654 3137 851 3218 intelligatur
877 3136 1013 3200 dietum:
1053 3136 1133 3201 Cum
1161 3136 1194 3199 in
1222 3135 1337 3200 bonore
1366 3135 1456 3208 esset

274 3241 335 3286 non
348 3221 510 3300 intellexit,
533 3241 569 3286 ao
591 3223 619 3286 si
641 3223 813 3287 diceretur:
835 3222 945 3286 Houor
967 3222 1126 3286 absorbuit
1147 3221 1348 3286 intelleotum.

358 3307 399 3371 llt
426 3308 553 3390 quidem
579 3308 716 3391 elegeras
746 3309 884 3372 abieotus
914 3327 982 3372 esse
1011 3308 1043 3370 in
1066 3307 1156 3372 domo
1179 3307 1238 3370 Dei
1268 3305 1312 3370 tui
1346 3306 1378 3368 et
1406 3323 1454 3368 re-

273 3393 417 3457 oumbere
431 3394 465 3456 in
482 3394 649 3458 novissimo
673 3394 739 3459 loeo
759 3395 792 3458 in
814 3393 953 3458 oonvivio
976 3394 1060 3466 eius;
1083 3393 1137 3458 sed
1160 3391 1277 3475 pluouit
1298 3391 1398 3454 dioere
1422 3391 1458 3468 ei,

273 3478 328 3560 qui
348 3482 380 3542 te
402 3479 563 3543 invitarit:
586 3480 703 3556 Amioe,
726 3479 857 3545 ascende
879 3479 1023 3562 superius
1046 3479 1133 3562 (Luc.
1147 3478 1230 3554 XIV,
1248 3477 1309 3559 10).
1345 3477 1457 3557 Itaque

274 3564 439 3628 aseendisti
465 3565 498 3628 in
529 3566 647 3637 altnm;
676 3567 739 3630 noli
762 3567 862 3629 ultum
877 3584 1000 3648 sapere,
1029 3565 1083 3629 sed
1107 3564 1196 3639 time,
1223 3582 1263 3626 ne
1286 3562 1364 3626 forte
1386 3581 1458 3626 oon-

274 3649 377 3730 tingat
404 3669 472 3714 sero
501 3651 712 3715 miserabilem
741 3652 829 3715 illam
858 3651 1000 3715 emittere
1029 3669 1153 3714 vooem:
1191 3648 1317 3712 Afaoie
1340 3647 1403 3711 irae
1426 3651 1459 3711 et

274 3735 495 3816 indignationis
518 3739 591 3800 tuae
614 3736 738 3802 elevans
762 3736 884 3801 allisisti
904 3755 956 3800 me
979 3736 1100 3818 (Psalm
1122 3735 1177 3810 01,
1203 3735 1264 3815 11).
1308 3732 1458 3797 Altiorem

276 3821 390 3903 quippe
418 3822 523 3886 locum
552 3823 680 3887 sortitus
712 3842 760 3898 es,
789 3821 843 3886 sed
871 3841 934 3886 non
957 3823 1120 3894 tutiorem3
1150 3819 1376 3894 sublimiorem,
1397 3838 1459 3883 non

274 3906 468 3972 securiorem.
513 3908 674 3973 Terribilis
703 3927 846 3992 prorsus,
875 3907 1023 3972 terribilis
1046 3910 1094 3972 est
1121 3907 1206 3970 loeus
1235 3905 1305 3969 iste.
1350 3905 1459 3981 Loous,

365 4128 391 4194 *)
408 4127 500 4196 Eugeu
518 4125 569 4181 111.
593 4125 702 4194 gehbrte
726 4125 897 4179 bekanntlioh
923 4124 982 4178 dem
1001 4122 1267 4178 Cistemieneerorden
1286 4137 1334 4186 an;
1359 4135 1388 4172 er
1406 4135 1460 4172 war

278 4200 387 4267 aniangs
405 4198 501 4251 Mbnoh
521 4197 549 4251 in
567 4197 719 4262 Clairvaux,
743 4199 833 4266 apator
850 4196 907 4249 Abt
931 4195 959 4248 in
977 4193 1036 4247 dem
1054 4193 1164 4247 Kloster
1182 4191 1227 4246 dos
1245 4191 1283 4245 bl.
1298 4189 1459 4256 ‚Asuuius

278 4269 318 4322 bei
330 4269 411 4332 Rom3
431 4267 649 4321 wahrsoheinlioh
661 4267 788 4320 Innooenz
799 4267 835 4320 H.
846 4266 895 4319 bat
907 4265 954 4318 ibn
967 4281 1025 4318 zum
1037 4262 1166 4317 Kardinal
1185 4261 1308 4316 erboben.
1332 4259 1461 4313 Romoald

277 4339 326 4399 (Μ,
337 4338 369 4393 G.
379 4339 406 4393 S.
417 4339 444 4392 S.
453 4338 526 4403 XIX,
543 4341 620 4404 420:
640 4336 773 4390 Suouessit
790 4335 942 4390 Bernardua
960 4335 1065 4389 natione
1083 4334 1206 4400 Pisanus,
1226 4331 1299 4403 pn'us
1317 4330 1461 4410 monachus

279 4409 476 4464 Clarevallensis
501 4413 529 4462 et
552 4409 634 4462 abbas
659 4409 744 4461 saneti
768 4407 920 4472 Anastasii,
949 4405 1043 4459 deiude
1093 4405 1211 4473 resbytor
1235 4401 1390 4466 cardinalis,
1416 4417 1460 4469 qui

280 4479 414 4550 Eugenius
431 4480 530 4534 tercius
547 4483 589 4533 est
606 4479 763 4549 appellatus.
791 4477 852 4546 Vgl.
872 4477 914 4532 die
933 4476 1010 4545 obigo
1030 4423 1111 4529 Sbide
1130 4491 1177 4528 aus
1196 4473 1243 4527 der
1259 4471 1324 4526 vita
1341 4470 1461 4540 Eugenii.

331 4581 455 4632 Doberl,
471 4581 565 4623 lionam.
581 4580 681 4622 German.
697 4579 776 4621 „laeta
790 4582 810 4620 4.
1271 4545 1290 4608 3
