3617 5284
361 535 426 600 214

361 706 495 771 rutilans
525 705 680 782 clucescit,
709 723 804 787 quam
834 703 917 790 quod
939 704 1046 770 fideles
1069 723 1142 769 suos
1164 704 1246 767 cirea
1268 721 1301 767 se
1322 703 1392 786 ipsa
1412 701 1538 784 colligit

362 797 513 874 aggregat
534 795 567 856 et
588 790 682 868 louet,
703 791 749 855 ita
771 790 853 872 quod
875 809 894 854 a
916 791 1017 874 capite
1038 790 1071 854 iu
1093 788 1229 854 menbris
1252 807 1374 872 semper
1396 788 1540 852 decurrat

362 878 463 959 gratia
484 877 674 960 dignitatum
696 883 728 942 et
750 876 844 958 digna
865 876 967 958 dignis
992 876 1199 960 respondeant
1205 873 1332 1024 premia
1347 874 1538 939 meritorum.

361 963 444 1042 Quia
463 963 562 1045 igitur
582 963 698 1027 maiore
720 963 836 1027 honore
857 961 927 1026 illos
943 963 1102 1026 cumulare
1116 961 1204 1026 inten
1229 961 1317 1036 'mus
1340 980 1418 1043 quos
1432 965 1539 1024 nostro
1563 1026 1567 1031 ,

360 1049 466 1113 fauore
511 1047 665 1131 digniores
708 1047 898 1124 iudicamus,
941 1047 1141 1112 karissimum
1183 1045 1353 1130 prinoipem
1396 1047 1539 1112 nostrum

359 1132 595 1198 Reinoldum
631 1135 737 1198 sancte
767 1132 958 1198 coloniensis
991 1133 1117 1198 ecclesie
1147 1131 1358 1198 uenerabilem
1389 1131 1539 1214 archiepi-

359 1237 488 1303 scopum
510 1219 716 1283 uniuersis
737 1217 902 1302 imperii
924 1217 1123 1284 fidelibus
1144 1218 1185 1281 in
1209 1217 1438 1302 exemplum
1459 1235 1539 1300 pro-

359 1305 561 1388 ponimus,
590 1303 679 1368 euius
708 1304 802 1368 fidem
831 1303 1000 1381 sinceram,
1028 1304 1116 1370 ouius
1147 1303 1358 1369 constanciam
1379 1303 1538 1380 inuictam,

360 1391 450 1456 cuius
479 1389 600 1454 labores
629 1390 813 1466 immensos,
848 1390 938 1454 cuius
968 1408 1063 1474 opera
1091 1395 1123 1454 et
1151 1389 1280 1454 seruitia
1313 1389 1479 1472 magnifica
1506 1387 1539 1451 in

358 1476 444 1540 omni
469 1474 657 1540 necessitate
685 1475 808 1558 imperii
836 1477 868 1540 et
889 1478 997 1540 nostra
1019 1494 1222 1560 sepenumero
1244 1475 1304 1540 lide
1325 1476 1448 1540 oculata
1470 1493 1539 1558 per·

360 1561 526 1645 speximus,
548 1561 599 1626 cui
620 1581 683 1625 non
705 1562 861 1626 immerito
883 1562 978 1626 buius
999 1561 1117 1626 donum
1139 1562 1247 1642 gratie,
1270 1581 1331 1643 quc
1352 1561 1386 1624 in
1405 1579 1537 1642 sequen-

360 1648 444 1712 tibus
471 1645 657 1725 declaratur,
687 1666 725 1711 er
746 1650 851 1712 nostre
873 1647 1104 1729 magnificentie
1126 1647 1312 1711 liberalitate
1334 1645 1539 1712 concedimus.

446 1749 541 1815 Cum
568 1750 708 1832 itaque
736 1753 896 1815 oonstst
918 1752 1020 1814 etex
1042 1749 1209 1832 antiquo
1231 1748 1321 1813 iure
1343 1767 1476 1831 regum
1498 1751 1539 1813 et

358 1836 645 1985 {mperatorpm
669 1837 785 1985 atpiue
808 1835 1081 1936 err-cotidiana
1101 1834 1394 1984 consuetudinte
1416 1835 1538 1900 mani·

376 1940 609 1998 esums1‚
669 1941 716 1986 uo
751 1969 759 1997 ‚
794 1940 810 1985 s
849 1939 933 1986 isco
969 1940 1001 1985 rs
1032 1941 1070 1986 rn
1098 1941 1147 1985 rm
1183 1939 1262 1985 erro
1291 1939 1358 1986 nos
1386 1940 1425 1985 ro
1453 1940 1540 1986 oon-

358 2006 522 2071 stitutis
553 2007 599 2072 ab
629 1941 702 2070 hqse
729 1940 1433 2090 uitnpdoccidentibuapepiscopalos
1459 2006 1539 2070 red·

358 2090 466 2157 ditus
495 2095 532 2156 ct
562 2092 662 2157 bona
691 2092 886 2175 deputata
908 2091 1050 2157 usibus
1074 2110 1222 2170 eorum,
1254 2110 1412 2157 annona
1434 2091 1539 2156 uide-

357 2178 454 2242 licet
488 2180 525 2242 et
556 2177 692 2242 uinum
725 2179 763 2242 et
795 2183 930 2243 cetera
962 2178 1082 2243 huius
1109 2177 1209 2242 modi
1238 2177 1442 2243 uictualia
1470 2197 1538 2242 seu

358 2263 542 2341 seruitia,
565 2282 798 2346 quecunque
820 2263 858 2328 in
881 2263 1060 2328 curtibus
1083 2262 1385 2347 episcopalibus
1415 2263 1480 2328 uel
1501 2263 1538 2326 in

358 2349 591 2414 territoriis
625 2350 688 2414 uel
722 2351 763 2413 et
794 2349 831 2415 in
864 2349 1016 2414 ceteris
1050 2367 1183 2414 eorum
1217 2348 1397 2415 officinis
1425 2349 1538 2413 intus

357 2435 425 2498 uel
446 2434 546 2499 foria
566 2434 847 2512 inueniuntur,
880 2434 979 2499 fiseo
1008 2434 1135 2516 rogali
1157 2435 1351 2500 uniuersa
1373 2435 1460 2499 iure
1481 2435 1538 2499 do-

356 2520 476 2584 beant
498 2520 696 2604 applicari
718 2522 756 2585 et
777 2539 904 2602 usquc
927 2519 973 2584 ad
995 2520 1338 2585 substitutionem
1361 2520 1539 2585 alterius

357 2605 541 2690 episcopi
578 2605 714 2671 cedere
749 2605 789 2670 in
825 2608 987 2670 nostros
1023 2624 1132 2684 usus,
1167 2625 1252 2684 nos,
1287 2624 1333 2671 ne
1369 2625 1538 2690 prorsus

357 2692 487 2756 omnia
507 2691 719 2756 inutiliter
740 2690 1020 2769 distrahantur,
1041 2711 1087 2756 ne
1109 2696 1243 2756 curtes
1265 2694 1303 2756 et
1324 2692 1539 2757 territoria

357 2778 445 2842 suis
475 2775 726 2842 necessariis
752 2777 1043 2842 instrumentis
1070 2777 1221 2842 omnino
1248 2777 1468 2856 nudentur,
1498 2779 1537 2842 ad

357 2863 567 2928 necessariam
589 2862 819 2946 prouidentiam
840 2863 1019 2928 futurorum
1040 2863 1275 2928 honorationis
1300 2863 1429 2928 modum
1445 2884 1539 2948 oppo-

357 2947 462 3012 nimus
485 2953 517 3012 et
537 2967 593 3032 per
607 2949 688 3014 hanc
702 2947 934 3013 distinctionem
949 2948 1088 3032 apertius
1104 2948 1357 3028 determinamus,
1378 2952 1423 3026 ut,
1438 2968 1537 3033 quan-

358 3033 521 3116 docunque
552 3040 658 3099 noster
686 3033 907 3099 dilectissimus
936 3037 968 3099 et
995 3034 1124 3119 imperio
1145 3034 1345 3100 fidelissimus
1366 3035 1536 3102 Reinoldus

359 3119 551 3184 Coloniensis
581 3118 828 3204 archiepiscopus
857 3121 910 3185 uel
932 3120 999 3186 eius
1021 3138 1179 3186 successor
1201 3121 1240 3186 ab
1260 3121 1321 3186 hae
1342 3121 1411 3185 uita
1432 3122 1537 3187 deces-

358 3207 443 3281 serit
465 3204 605 3270 redditus
628 3205 815 3289 episcopales
838 3208 870 3270 et
891 3206 1029 3285 seruitia
1052 3225 1113 3289 que
1133 3205 1171 3271 de
1186 3205 1325 3272 curtibus
1339 3207 1536 3291 proueniunt,

359 3290 427 3389 siue
447 3291 481 3354 in
502 3309 598 3355 censu
621 3290 688 3355 siue
709 3291 743 3354 in
765 3311 889 3390 annona
905 3292 973 3356 siue
994 3293 1027 3356 in
1048 3292 1122 3392 uino
1141 3292 1194 3390 uel
1208 3292 1240 3356 in
1256 3291 1324 3390 aliis
1339 3293 1536 3391 uiotualibus,

355 3378 761 3558 tremisceret
775 3377 1535 3546 ffilltlrtilllll,“ltltulllntlllll

357 3547 537 3624 mobiles,
566 3547 770 3612 urdelicet
798 3549 918 3613 boues
949 3551 985 3613 et
1013 3567 1105 3614 oues
1132 3552 1170 3614 et
1191 3552 1324 3615 cetera
1345 3549 1536 3616 animalia

357 3633 401 3697 ad
440 3633 736 3714 agriculturam
771 3634 1026 3716 pertinentia
1062 3637 1102 3699 et
1140 3635 1333 3700 similiter
1369 3655 1535 3714 annona,

357 3737 431 3800 que
453 3717 498 3782 ad
520 3736 650 3783 semen
673 3737 857 3800 agrorum
885 3725 948 3784 est
976 3719 1186 3804 deputata,
1218 3721 1364 3799 stilla,
1392 3721 1535 3805 quoad

356 3803 687 3888 procurationem
719 3805 947 3870 colonorum
976 3808 1014 3870 et
1041 3825 1250 3872 seruorum
1280 3807 1319 3872 in
1349 3809 1534 3874 curtibus

357 3893 396 3954 et
424 3889 647 3955 territoriis
675 3890 908 3956 necessario
935 3895 998 3957 ost
1027 3891 1257 3974 designata,
1287 3892 1319 3957 in
1347 3891 1423 3977 ipsis
1446 3895 1535 3959 terri-

356 3973 443 4040 toriis
466 3977 498 4040 et
519 3975 660 4040 curtibus
682 3975 723 4041 ad
744 3976 932 4061 archiepisco
955 3980 1042 4042 atum
1064 3976 1280 4044 coloniensem
1306 3979 1534 4062 pertinentibus

356 4060 452 4126 libere
487 4065 520 4126 et
555 4080 663 4126 secure
699 4064 732 4126 et
767 4063 885 4145 absque
945 4063 951 4075 '
989 4063 1127 4128 'utione
1163 4064 1230 4130 eius
1266 4065 1534 4132 successori

357 4149 607 4212 remaneant
918 4153 921 4160 '

332 4261 339 4274 ·
442 4248 489 4315 Ut
515 4251 622 4314 autem
650 4251 745 4315 huius
772 4252 870 4316 nostri
898 4250 1037 4316 beneficii
1064 4251 1193 4334 largitas
1219 4256 1252 4318 et
1280 4255 1436 4321 concessio
1464 4257 1534 4321 rata

358 4338 391 4399 et
418 4334 570 4399 inuiolata
602 4338 669 4399 tam
691 4355 710 4399 a
731 4335 846 4401 iuturis
869 4355 966 4419 quam
988 4356 1008 4402 a
1028 4338 1224 4420 presentibus
1247 4340 1443 4419 obseruator,
1464 4360 1532 4425 pre-

358 4421 439 4485 senti
461 4420 655 4486 auctoritatis
676 4425 782 4488 nostre
798 4421 961 4506 priuilegio
975 4423 1156 4489 roboramus
1172 4427 1205 4489 et
1218 4425 1438 4492 confirmamus
1452 4428 1533 4492 hanc
