3617 5284
1381 551 1445 614 203

267 723 406 807 oepimus
438 720 603 804 debitoque
625 722 742 787 honoro
763 741 886 806 semper
907 723 1047 787 venerari
1068 723 1269 787 intendimus.
1312 721 1446 786 Proinde

267 809 423 874 obstinata
437 807 682 873 soismatieorum
696 807 832 892 perfidia,
853 810 987 874 mortem
1002 808 1060 874 uiri
1074 809 1149 873 iusti
1164 808 1230 874 suis
1252 807 1446 874 suooessibus

161 914 163 917 ·
268 897 376 978 aperta
389 893 490 958 fronte
506 895 664 971 anhelans,
686 894 814 959 sireneis
829 895 895 959 suis
910 894 1070 960 blandioiis
1089 895 1228 959 lidehum
1251 893 1446 975 quorundam

268 980 389 1045 animos
412 979 488 1044 adeo
511 980 621 1045 molita
642 984 691 1046 est
712 979 750 1044 de
772 999 850 1046 novo
873 981 1048 1058 immutare,
1071 985 1115 1058 ut,
1136 981 1197 1045 nisi
1220 979 1337 1045 morbis
1358 979 1446 1046 noris

268 1085 349 1131 nova
362 1067 500 1130 remedia
513 1064 669 1130 maturius
683 1066 896 1144 obiieerentur,
919 1086 1011 1151 pars
1034 1065 1280 1148 quorundam
1294 1069 1447 1150 nostro·

268 1172 354 1217 rum
389 1171 465 1216 non
503 1150 716 1217 immodiea
754 1152 968 1218 videretur
1007 1171 1052 1216 ex
1084 1151 1243 1217 fiduoia
1278 1155 1444 1217 nostrae
1533 1173 1534 1176 ¹

269 1238 458 1302 lenitatis
480 1238 723 1303 seducenda
776 1239 879 1320 igitur
900 1239 965 1303 zelo
987 1237 1174 1303 reformandi
1196 1237 1313 1302 deeoris
1336 1237 1446 1303 domus

269 1324 326 1388 Dei
350 1323 511 1388 ardentius
534 1325 663 1402 aeeensi,
685 1343 757 1388 oum
778 1343 885 1406 regem
907 1325 1104 1399 Francorum,
1131 1323 1194 1406 qui,
1225 1323 1313 1388 nulla
1339 1326 1448 1388 nostra

269 1411 361 1494 eulpa
381 1414 558 1493 praeeunte,
587 1429 652 1475 una
672 1430 745 1475 oum
765 1410 915 1488 Rolando,
940 1410 1063 1494 imperii
1086 1409 1184 1474 nostri
1205 1409 1294 1475 hoste
1316 1410 1446 1493 puhlioo,

269 1495 804 1665 theuttellbdhttd
818 1495 1306 1648 ”debititate
1319 1495 1447 1665 {tlt

390 1630 398 1660 l

269 1668 456 1745 sissemus⁸),
484 1667 636 1733 uniuersis
665 1669 764 1732 nostri
794 1669 916 1752 imperii
937 1667 1126 1752 prinoipibns
1155 1667 1188 1731 in
1211 1669 1318 1732 senato
1340 1669 1447 1751 pente-

267 1756 351 1819 ooste
381 1753 501 1818 onnam
529 1755 708 1836 generalem
734 1753 938 1818 wirzeburch
960 1753 1136 1818 indiximus.

366 1838 507 1918 Quorum
541 1842 632 1905 ooetn
667 1839 864 1905 celeberrimo
899 1840 1014 1904 ibidem
1052 1839 1253 1923 solempniter
1285 1839 1447 1916 celebrato,

271 1925 419 1990 eoelesiae
439 1925 499 1988 Dei
527 1928 646 1990 statum
675 1944 712 1990 ao
741 1924 858 1990 domiui
885 1944 984 2009 papae
1012 1925 1151 1990 Pascalis
1179 1925 1340 2007 negotium
1367 1927 1448 1990 serio

270 2031 306 2075 ae
334 2009 497 2091 magnifiee
530 2011 675 2075 duximus
701 2011 919 2076 roborandum.
962 2011 1111 2076 Invooata
1131 2011 1227 2093 igitur
1248 2011 1447 2076 devotissime

271 2096 406 2180 Spiritus
428 2097 527 2160 saneti
549 2099 651 2179 gratia
672 2103 704 2162 ot
725 2097 950 2175 universorum,
973 2097 1026 2179 qui
1049 2096 1187 2174 oderant,
1210 2097 1336 2162 oonsilio
1352 2097 1447 2162 altius

269 2183 512 2260 eommunioato,
553 2183 593 2247 ad
629 2184 848 2249 removendam
884 2202 1009 2248 omnem
1045 2201 1171 2267 prorsus
1209 2183 1446 2264 ambiguitatem

269 2267 329 2352 ipsi
359 2287 416 2332 nos
446 2287 543 2334 manu
573 2269 697 2353 propria
727 2288 821 2352 super
849 2271 1030 2335 sanatorum
1058 2269 1206 2351 reliquias
1235 2269 1448 2335 iuramentum

269 2353 391 2438 puhHoe
405 2355 628 2437 praestitimus,
651 2354 734 2437 quod
747 2355 927 2420 Rolandum
942 2356 1153 2421 seismatioum
1175 2355 1226 2420 vel
1248 2373 1329 2432 eum,
1353 2375 1446 2438 quem

270 2458 344 2524 pars
365 2439 464 2523 ipsius
486 2441 622 2524 elegerit,
651 2441 685 2505 in
705 2461 821 2525 papam
843 2460 1006 2524 nunquam
1027 2441 1211 2525 reeipiemus
1232 2460 1291 2506 neo
1313 2440 1352 2505 ad
1374 2461 1447 2506 eum

269 2525 1329 2696 altemburbltottarhllhbelletrudi
1344 2527 1446 2678 §tlt

1171 2662 1179 2692 l

269 2698 337 2763 viae
359 2717 434 2763 suae
457 2698 497 2762 ad
519 2699 675 2764 unitatem
697 2700 843 2765 eoolesiae
864 2699 961 2765 fuerit
982 2719 1164 2774 eonversus;
1188 2698 1349 2764 dominum
1370 2699 1447 2764 Pas-

270 2785 371 2849 oalem
384 2804 499 2868 papam
520 2786 795 2851 manutenebimus
817 2805 940 2871 semper
962 2788 1056 2868 atquo
1078 2783 1326 2870 promovebimus
1356 2785 1446 2868 eique

269 2872 420 2952 tanquam
448 2871 531 2955 patri
560 2873 711 2937 eatholioo
740 2875 773 2937 et
800 2871 969 2937 universali
997 2870 1114 2956 pastori
1145 2871 1365 2948 obedientiam,
1392 2871 1447 2936 ho-

270 2975 378 3020 norem
401 2959 495 3039 atque
517 2959 723 3024 reverentiam
746 2958 958 3023 exhibebimus
995 2962 1026 3023 et
1049 2957 1176 3041 abipso
1199 2956 1328 3039 eiusque
1349 2959 1447 3041 parte,

269 3042 334 3106 vita
359 3043 486 3120 comite,
514 3063 678 3126 nunquam
705 3044 894 3110 reoedemue.
938 3043 1061 3109 Eleetos
1088 3061 1226 3126 quoque,
1255 3043 1308 3125 qui
1330 3043 1389 3108 sub
1411 3063 1446 3109 eo

271 3129 327 3191 aut
349 3127 416 3192 eius
450 3148 640 3208 suooessore,
674 3149 768 3212 quem
794 3150 867 3214 pars
888 3131 987 3214 ipsius
1009 3129 1152 3211 elegerit,
1185 3129 1446 3194 conseerationom

271 3215 457 3364 reeepebrpgit
478 3215 527 3364 vg]
549 3215 652 3280 adhue
672 3217 883 3314 reeeperintull,
910 3217 1025 3366 honetopg
1047 3219 1103 3280 aut
1124 3213 1282 3365 ohdtinlilhus
1305 3216 1370 3364 sui?
1392 3234 1446 3364 pro

270 3318 378 3364 eluso
450 3319 488 3364 en
516 3320 623 3365 anun
644 3321 719 3366 uam
762 3321 855 3366 nvan
898 3321 975 3367 enm
1022 3320 1102 3366 mus.
1230 3319 1302 3365 urus
1325 3319 1344 3364 a
1365 3319 1448 3366 sou-

270 3386 390 3450 tionem
404 3387 591 3451 sacramenti
612 3321 776 3470 dunquair
796 3322 992 3470 requiiemus
1013 3407 1072 3452 nee
1094 3387 1230 3452 oblatam
1254 3387 1447 3470 reeipiemus.

269 3471 436 3536 Praeterea
446 3473 545 3538 nostri
556 3473 678 3557 imperii
690 3493 857 3552 suooessor,
869 3493 964 3556 quem
974 3473 1127 3557 principes
1139 3473 1276 3538 universi
1289 3473 1447 3555 elegerint,

269 3559 353 3622 huno
367 3558 516 3624 honorem
531 3559 590 3624 Dei
605 3560 751 3625 eeclesiae
768 3562 862 3642 atque
877 3559 999 3643 imperii
1015 3563 1047 3625 et
1060 3560 1142 3624 hane
1162 3563 1285 3643 partem
1306 3562 1447 3624 nostram

269 3645 328 3708 suh
344 3643 452 3709 eodem
466 3646 643 3711 iuramento
658 3647 797 3712 tuebitur
811 3665 934 3730 semper
949 3648 1043 3728 atquo
1058 3645 1184 3711 tenebit.
1219 3644 1307 3709 Idem
1323 3664 1447 3727 quoquo

269 3730 483 3795 iuramentum
498 3733 717 3816 arehiepisoopi
732 3751 848 3810 omnes,
871 3732 1006 3816 episeopi
1021 3734 1115 3815 atque
1131 3731 1228 3810 eleoti,
1251 3731 1305 3812 qui
1320 3731 1448 3796 fuerunt

268 3835 399 3880 numero
410 3817 462 3894 40,
485 3835 579 3902 super
594 3822 703 3883 saneta
716 3818 775 3884 Dei
791 3819 954 3901 euangelia
967 3837 1063 3882 manu
1078 3817 1208 3902 proprie,
1230 3818 1447 3899 unusquisque

270 3902 330 3966 suh
352 3903 433 3967 stola
446 3922 512 3980 suo,
534 3905 759 3987 praestiterunt
781 3907 813 3970 et
848 3905 950 3970 uhhoe
972 3905 1183 3969 firmaverunt.
1220 3901 1447 3968 Niohilominus

269 3987 409 4077 universi*
433 3988 587 4072 prineipes
618 3991 786 4066 seculares,
820 3925 882 4055 dux
911 3991 1027 4056 seilieet
1051 3989 1201 4055 Senoniae
1231 4007 1267 4053 ao
1289 3988 1447 4065 Bavariae,

268 4074 406 4139 marohio
427 4074 613 4141 Adelhertus
636 4077 749 4154 senior,
776 4077 937 4143 Comedus
965 4076 1123 4161 palatinus
1151 4093 1254 4141 eomes
1276 4073 1379 4139 Rheni
1416 4078 1448 4140 et

271 4217 480 4224 ·—-—-·-——-——-·

358 4264 384 4326 al
403 4263 437 4317 So
455 4263 504 4316 dae
523 4261 665 4317 Sehreiben
683 4281 717 4318 an
735 4263 863 4318 Heinrich
880 4283 904 4320 v.
923 4265 1034 4335 heyam
1052 4263 1145 4318 Perta:
1163 4261 1347 4334 persensimus.

357 4335 386 4401 b)
404 4334 493 4388 Perta:
521 4349 598 4402 quem
616 4335 705 4414 parsi
737 4335 779 4388 ius
801 4335 974 4390 electione
998 4340 1033 4390 et
1058 4332 1323 4389 consecratione
1347 4349 1405 4388 reos

269 4408 333 4458 runt
350 4406 390 4458 vel
408 4403 496 4458 adhue
513 4407 664 4473 reoepermt.
716 4405 748 4459 eh
765 4405 835 4474 fulge
853 4407 911 4460 hier
929 4406 988 4461 dem
1000 4405 1150 4460 Wortlaute
1169 4405 1215 4459 des
1233 4420 1267 4458 an
1285 4402 1373 4460 denG
1414 4422 1446 4459 en

268 4475 395 4530 Heinrich
413 4494 437 4531 v.
456 4475 554 4545 Troyes
573 4473 749 4530 adressierten
767 4475 929 4533 Sehreibens.
