3617 5284
374 540 417 605 60

373 711 471 776 uestis
500 710 577 776 haec
606 711 717 775 omnia
760 710 896 774 Tantum
925 710 1049 776 obsecro
1075 708 1239 794 perillam
1261 707 1458 785 charitatem,
1487 727 1550 789 qua

372 797 449 862 mihi
472 796 645 880 specialiter
666 796 819 861 debitores
841 796 932 873 estis,
964 815 1004 860 ne
1025 814 1075 860 me
1098 793 1242 859 humanis
1264 793 1476 858 voluntatibus
1499 812 1551 858 ex·

372 883 509 966 ponatis,
531 883 601 960 sed,
623 883 704 947 sicut
726 882 924 964 singulariter
945 882 1031 946 robis
1045 880 1203 957 incumbit
1226 880 1366 944 clinnum
1388 878 1550 944 mnsilium

372 968 559 1117 perquriratis
595 971 626 1033 et
654 987 781 1051 operam
810 967 903 1045 detis,
934 971 971 1032 ut
1000 966 1081 1032 sicut
1109 966 1204 1031 hient
1230 966 1374 1030 veluntas
1402 965 1436 1029 in
1457 966 1551 1042 coelo,

375 1055 419 1119 sic
464 1058 505 1119 at.

371 1289 470 1376 lllll.
496 1288 533 1391 a)
549 1289 715 1377 lelreibeu
733 1289 873 1376 leonis
893 1288 942 1374 ΙΙΙ.
968 1311 1008 1374 eu
1036 1287 1085 1374 die
1106 1288 1238 1374 liscuer
1261 1288 1341 1374 iter
1365 1288 1451 1373 seire
1475 1287 1548 1374 lor·
1657 1249 1662 1258 ’

467 1407 672 1512 berettuugeu
699 1431 768 1494 run
794 1407 998 1512 hoenge,
1024 1406 1106 1491 lule
1133 1405 1314 1512 September
1338 1405 1453 1500 1151.*)

565 1537 694 1608 (Wihaldi
712 1554 770 1608 epp.
789 1554 828 1590 nr.
848 1541 916 1602 3443
934 1534 1011 1604 leffe,
1030 1534 1196 1589 Bibliotheca
1214 1533 1236 1602 1,
1255 1539 1306 1590 477
1325 1534 1355 1601 f.)

459 1650 645 1732 C(onradus)
668 1651 727 1715 Dei
754 1651 855 1733 gratia
876 1651 1089 1714 Romanorum
1117 1667 1170 1713 rex
1200 1652 1232 1713 et
1253 1668 1375 1732 semper
1397 1653 1550 1731 augustus

372 1737 565 1814 consulibus,
588 1737 757 1820 capitaneis
779 1740 811 1802 ct
831 1737 976 1801 universo
998 1735 1111 1819 populu
1133 1734 1262 1811 Pisano,
1290 1737 1357 1800 tam
1378 1735 1548 1802 mineribus

375 1841 470 1905 quam
491 1823 668 1898 maioribus,
690 1823 823 1904 gratiam
844 1840 935 1887 suam
958 1824 990 1886 et
1010 1822 1124 1886 bonam
1146 1821 1347 1886 voluntatem.

456 1908 533 1972 Post
554 1907 691 1972 reditum
711 1912 855 1972 nostrum
876 1927 896 1972 a
916 1905 1185 1972 Iherosolimitana
1206 1907 1398 1991 expeditione
1419 1927 1544 1972 omnem

373 1993 469 2058 animi
497 1995 595 2058 nostri
616 1994 822 2059 intentionem
843 1995 1109 2070 converteramus,
1138 1995 1176 2056 nt
1203 1993 1321 2074 absque
1348 2011 1454 2058 morae
1480 2013 1551 2076 pro-

371 2079 486 2144 lixioris
514 2079 692 2144 interventu
722 2080 761 2143 ad
789 2099 840 2145 res
861 2078 972 2144 Italiae
1001 2077 1187 2143 ordinandas
1217 2081 1249 2142 et
1269 2078 1425 2161 pacandas
1446 2079 1550 2162 ingre-

373 2165 525 2230 deremur.
568 2165 645 2230 Inde
675 2164 749 2242 huit,
778 2163 861 2247 qnod
886 2166 1006 2246 legatos
1036 2163 1284 2228 excellentissimi
1314 2164 1420 2229 fratris
1448 2165 1551 2230 nostri

373 2250 544 2316 Grecorum
570 2251 765 2334 imperatoris
795 2251 833 2315 ad
861 2250 1097 2315 universitatem
1125 2253 1263 2315 uestram
1295 2251 1478 2327 direximus3
1510 2251 1548 2316 de

296 2369 298 2372 ·
372 2337 432 2401 fide
455 2340 487 2401 et
507 2337 683 2402 constantia
704 2339 808 2402 vestra
829 2336 1000 2420 plurimum
1022 2335 1217 2412 confidentes,
1241 2337 1390 2418 quatinus
1411 2337 1550 2420 ipsorum

372 2422 527 2487 industria
549 2425 581 2486 et
595 2426 700 2487 vestra
720 2423 840 2506 potenti
862 2422 976 2486 virtute
999 2422 1098 2486 hostis
1120 2422 1283 2503 utriusque
1305 2421 1426 2505 imperii
1447 2441 1549 2504 nsque

373 2508 412 2572 ad
434 2508 603 2573 adventum
624 2512 769 2574 nostrum
783 2509 849 2574 sine
871 2506 1237 2572 intermissione‘bellieis
1258 2508 1433 2573 incursibus
1456 2529 1550 2590 quas·

372 2597 501 2658 seretur.
536 2594 635 2660 Decet
655 2595 761 2677 itaque
782 2595 901 2679 patriae
920 2593 1101 2677 principem,
1124 2595 1228 2677 grates
1252 2613 1287 2658 ac
1309 2595 1548 2659 benivolentiam

372 2679 539 2762 rependere
561 2680 625 2757 his,
647 2681 700 2762 qui
724 2681 763 2745 ed
784 2684 851 2745 tam
873 2679 1034 2763 egregium
1056 2699 1134 2762 opus
1155 2681 1368 2763 peragendum
1390 2681 1492 2746 animo
1516 2685 1548 2746 et

372 2785 463 2849 opere
489 2766 624 2848 inpacati
652 2786 713 2831 nun
734 2767 877 2844 fixerunt,
909 2766 990 2830 sicut
1010 2764 1072 2830 illis
1094 2785 1156 2830 uon
1177 2765 1333 2831 immerito
1355 2786 1436 2850 pena
1458 2767 1549 2832 debe-

373 2853 425 2917 tur
448 2852 598 2927 acerbior,
627 2852 680 2934 qui
709 2855 814 2918 tantus
835 2852 1043 2935 reipublicae
1065 2852 1229 2935 provectus
1251 2851 1391 2917 demoliri
1414 2855 1549 2935 tempta·

371 2940 490 3001 verunt
541 2937 602 3002 Sed
624 2938 876 3003 ardentissimum
908 2943 1032 3003 norbae
1064 2938 1231 3003 veluntatis
1265 2937 1404 3002 studium
1436 2957 1549 3003 manus

371 3023 487 3100 muna,
521 3043 615 3105 quam
643 3043 735 3089 nemo
763 3025 943 3090 mortalium
969 3024 1071 3108 putuit
1097 3023 1238 3101 evadere,
1264 3024 1394 3088 inmissa
1422 3025 1550 3089 coelitus

370 3109 549 3173 infirmitate
589 3109 781 3192 aliquamdiu
816 3111 972 3193 repressit.
1028 3109 1083 3175 Set
1114 3112 1295 3194 recuperato
1326 3129 1381 3194 per
1414 3110 1547 3174 eundem

370 3194 689 3260 misericordissimum
711 3196 814 3260 Deum
847 3197 1008 3280 sospitate,
1037 3199 1191 3261 transacto
1221 3215 1326 3261 sacrae
1352 3198 1547 3280 pentecostes

371 3280 466 3358 festo,
488 3282 664 3362 generalem
685 3283 803 3346 curiam
825 3283 908 3366 apud
930 3283 1131 3364 Ratisponam
1154 3283 1360 3360 celebrantes,
1382 3283 1548 3365 expeditio-

370 3387 443 3431 nem
458 3370 597 3431 nostram
618 3367 729 3449 regie
751 3388 855 3434 more
877 3387 985 3432 uersus
998 3367 1123 3432 Italiam
1145 3388 1217 3432 cum
1238 3389 1351 3450 magno
1372 3367 1546 3452 principum

369 3452 473 3517 farore
488 3456 519 3517 et
532 3453 629 3517 tutius
644 3453 772 3519 militiae
794 3455 952 3519 alacntate
974 3453 1203 3539 indiximus.**)
1240 3455 1389 3520 Similiter
1411 3456 1443 3518 et
1465 3454 1546 3538 apud

368 3538 634 3623 Herbipulim***)
646 3540 802 3605 mediante
816 3538 1116 3624 mensesseptcmbre
1129 3540 1247 3606 factum
1262 3544 1325 3616 est3
1341 3541 1386 3606 ita
1401 3541 1544 3626 deinceps

460 3711 486 3777 ¹⁸)
509 3709 570 3778 Vgl.
596 3708 768 3764 Giesebrecht
785 3710 831 3778 IV,
859 3715 911 3766 357
935 3728 960 3765 ιι.
983 3710 1076 3778 Anm.;
1102 3709 1249 3764 Bernhardi
1268 3727 1290 3765 a.
1311 3727 1335 3765 a.
1354 3710 1385 3765 0.
1409 3711 1435 3765 S.
1454 3715 1508 3766 895
1525 3712 1544 3766 l.

327 3789 330 3794 ·
370 3780 431 3849 Vgl.
452 3779 519 3834 auch
538 3780 580 3833 die
598 3780 798 3850 gleichzeitigen
809 3782 951 3836 Schreiben
969 3799 1002 3835 an
1016 3781 1066 3835 den
1078 3783 1162 3852 Papst
1180 3798 1205 3836 u.
1225 3781 1267 3834 die
1278 3780 1375 3835 Rdmcr
1382 3781 1467 3904 KSbvib.
1486 3800 1544 3853 epp.

371 3868 410 3904 nr.
429 3855 493 3915 340,
512 3855 573 3917 346,
592 3855 664 3917 345).
701 3853 742 3919 **)
759 3842 831 3907 boor
849 3852 900 3906 den
918 3853 1063 3921 Reichstag
1081 3870 1112 3906 ru
1137 3852 1309 3934 Regensburg
1326 3851 1380 3905 han
1400 3852 1442 3906 eln
1461 3851 1549 3907 Giese·

370 3921 463 3976 brecht
480 3921 527 3988 IV,
546 3925 613 3985 352ς
632 3921 780 3978 Bemhsrdi
798 3941 822 3978 a
842 3940 865 3977 a.
884 3922 916 3978 0.
936 3924 962 3978 S.
980 3927 1030 3978 881
1052 3925 1079 3977 ff.
1109 3923 1159 3976 Die
1178 3923 1224 3976 der
1242 3921 1354 3976 Indrutic
1373 3923 1544 3990 expeditionis

369 3991 581 4061 ecrhergehende
598 3992 851 4063 Beschlusslaesung
868 3994 905 4047 ist
923 3993 993 4058 hier,
1012 3994 1060 4048 wie
1078 4011 1107 4048 so
1125 3994 1178 4060 oft,
1204 3993 1278 4046 nicht
1295 3993 1427 4059 eruebat,
1451 3993 1547 4062 jeduch

368 4079 416 4117 aus
433 4063 484 4117 den
495 4062 667 4118 Ansdrliclren
679 4063 766 4118 favore
783 4082 809 4120 ιι
824 4064 963 4119 alsentate
981 4065 1064 4118 leicht
1078 4082 1110 4118 uu
1122 4064 1271 4118 sehlieesen.
1300 4064 1350 4118 Die
1362 4064 1546 4134 Bestimmrmg

370 4134 417 4188 der
434 4137 556 4205 spitersn
574 4133 788 4202 Rechtsbiieher,
808 4135 870 4190 dass
888 4135 931 4189 ein
949 4135 1096 4204 Rdmernug
1115 4152 1177 4202 „vor
1194 4134 1262 4188 Jahr
1279 4151 1304 4189 u.
1323 4133 1396 4203 'lag‘
1416 4141 1545 4205 engesugt

369 4205 471 4258 werden
489 4210 584 4270 mitam,
603 4203 652 4258 hat
669 4206 698 4258 in
716 4205 814 4260 diesem
832 4207 980 4260 Zeitraume
997 4206 1066 4260 noch
1085 4205 1159 4260 nicht
1174 4205 1300 4260 existiert
1335 4204 1395 4274 Vgl.
1414 4205 1545 4272 Weilsnd‚

369 4275 419 4328 Dis
436 4275 668 4330 Reiehsheerl'ahrt
685 4294 708 4331 v.
728 4276 855 4331 Heinrich
873 4277 905 4331 V,
931 4277 974 4332 bis
991 4277 1118 4331 Heinrich
1136 4276 1182 4332 VI.
1201 4275 1269 4330 nach
1287 4275 1359 4330 ihrer
1376 4277 1546 4330 staatsrecht

368 4346 455 4399 lichen
479 4345 549 4400 Seite
574 4345 680 4402 Fursch.
699 4347 766 4413 Vll,
792 4353 841 4404 116
863 4365 889 4403 ιι.
917 4352 974 4403 130.
1019 4347 1075 4414 ***)
1098 4347 1158 4401 Vl.
1184 4348 1249 4401 liber
1271 4347 1320 4400 den
1344 4346 1490 4415 Reichstag
1515 4365 1545 4400 zu

367 4416 483 4470 Wtrzbu
539 4417 587 4470 das
610 4417 731 4486 fulgenda
756 4417 898 4472 Schreiben
925 4419 1004 4473 uebst
1027 4365 1198 4487 Anmerffiung
1223 4418 1276 4472 und
1304 4415 1476 4472 Giesebrecht
1500 4417 1546 4484 IV,

367 4492 420 4542 333
438 4487 471 4554 t;
514 4486 638 4541 erchardi
657 4504 681 4544 a
700 4505 724 4543 a
743 4488 775 4544 0.
794 4489 820 4544 S.
840 4493 892 4543 886
911 4489 938 4544 ff.
