3617 5284
374 546 418 611 40

374 716 502 793 dotavit
525 714 613 780 donis
629 716 816 780 coelestibus
831 715 1000 792 exomavit
1022 713 1134 779 ditavit
1147 713 1351 779 nihilominus
1366 717 1399 778 et
1413 715 1553 779 terrenis.

373 802 539 879 Liberabit,
560 802 698 883 iuquam,
712 802 870 876 liberabit;
893 801 948 865 sed
964 801 991 864 si
1006 801 1038 864 iu
1054 818 1149 864 manu
1166 801 1302 875 alteim,
1315 801 1451 868 viderint
1466 801 1554 882 regni

373 889 538 1052 priucgea
559 888 634 1036 1ᾶηί
652 889 753 951 bonor
774 886 869 984 Regis
891 887 1017 968 regnive
1027 885 1160 1035 lutiilitas
1171 886 1234 1035 tsit.
1272 887 1343 950 Non
1366 890 1414 951 est
1427 886 1555 1035 futiquo.

495 991 608 1036 uamo
641 992 719 1036 rem
758 992 869 1037 acciu
904 991 968 1036 ere
1046 991 1065 1034 a
1101 991 1138 1034 ιο
1192 991 1240 1035 uo
1274 991 1317 1036 su
1354 991 1395 1036 er
1447 991 1557 1036 emur

374 1062 495 1135 tuum,
528 1059 831 1142 potentissime,
865 993 904 1123 cgt
936 991 1135 1122 resffiituat
1163 1058 1242 1121 sibi
1277 992 1426 1122 esposse
1458 1075 1554 1140 quae

373 1145 556 1210 Caesaris
586 1149 696 1221 sunt,
724 1149 886 1228 atquae
916 1147 1009 1208 sunt
1037 1141 1107 1206 Dei
1128 1142 1218 1206 Deo.
1262 1144 1468 1226 Utrumque
1496 1143 1555 1206 in·

374 1237 533 1294 teresse
556 1229 740 1294 Caesaris
764 1233 940 1306 constat,
963 1234 1002 1292 et
1023 1229 1223 1312 propriam
1245 1231 1350 1293 tueri
1373 1248 1555 1293 coronam

374 1323 412 1380 et
433 1315 652 1380 Ecclesiam
684 1316 900 1380 defensare.
944 1316 1126 1379 Alterum
1147 1314 1248 1395 regi,
1277 1315 1444 1379 alterum
1466 1333 1556 1378 eon-

375 1402 483 1466 veuit
508 1401 718 1465 Ecclesiae
747 1401 946 1465 advocato.
989 1399 1144 1476 Victoria,
1168 1400 1250 1463 sicut
1271 1401 1304 1464 in
1326 1399 1460 1464 Domino
1484 1419 1556 1466 con-

374 1487 508 1562 fidimus,
523 1505 598 1570 prae
613 1487 758 1551 manibus
773 1492 829 1551 est
849 1485 1001 1569 Superbia
1016 1490 1048 1550 et
1063 1485 1240 1568 arrogantia
1255 1486 1468 1550 Romanorum
1483 1487 1555 1569 plus

374 1592 470 1657 quam
481 1573 631 1636 fortitudo
648 1591 765 1637 eorum.
784 1572 867 1651 Quid
883 1573 991 1636 enirn?
1010 1571 1170 1653 Numquid
1187 1572 1342 1655 quispiam
1358 1590 1491 1654 magnus
1506 1573 1556 1636 vel

373 1665 495 1741 potens,
517 1659 602 1723 verbi
619 1658 720 1740 gratia
741 1659 910 1741 imperator
933 1663 988 1720 aut
1010 1676 1079 1734 rex,
1102 1657 1225 1721 foedam
1238 1677 1304 1721 rem
1326 1659 1420 1722 istam
1442 1658 1474 1721 in
1497 1661 1555 1722 im·

375 1744 629 1828 perrumpentes
644 1744 913 1828 sacerdotiumque
937 1743 1130 1827 praesumit?
1162 1742 1223 1806 Sed
1246 1744 1379 1826 populus
1394 1744 1446 1808 bio
1460 1745 1556 1808 male·

375 1831 476 1894 dictus
506 1835 538 1893 et
568 1830 841 1911 tumultuosus*)‚
867 1830 921 1911 qui
952 1847 1025 1893 suas
1055 1829 1155 1892 nescit
1177 1829 1279 1892 metiri
1302 1829 1397 1906 vires,
1420 1832 1556 1912 cogitare

374 1915 476 1992 finem,
499 1915 692 1979 considerare
708 1919 904 1998 proventum,
926 1915 959 1977 in
983 1915 1162 1997 insipientia
1185 1932 1242 1978 sua
1264 1919 1296 1978 et
1318 1916 1350 1979 in
1372 1915 1476 1980 furore
1499 1936 1555 1980 suo

375 2020 471 2064 ausus
500 2006 548 2065 est
575 2001 634 2064 hoc
666 2001 783 2083 grande
811 2001 1008 2082 sacrilegium
1038 2003 1199 2064 attentare.
1245 2001 1344 2076 Absit,
1373 2015 1409 2064 ut
1438 2002 1486 2066 vel
1516 2003 1554 2066 ad

373 2093 567 2150 momentum
582 2089 666 2150 stare
681 2088 781 2169 possit
803 2091 875 2150 ante
898 2085 1009 2150 faciem
1024 2085 1119 2168 Regis
1141 2086 1301 2170 popularis
1323 2105 1445 2162 manus,
1468 2087 1551 2168 vulgi

373 2173 543 2236 temeritas
586 2171 701 2236 Factus
724 2191 795 2235 sum
817 2172 974 2254 insipiens,
997 2172 1152 2253 quicum
1176 2172 1235 2235 sim
1258 2171 1327 2236 vilis
1351 2173 1555 2255 ignobilisque

375 2277 522 2342 persona,
545 2262 705 2338 tamquam
737 2258 847 2341 aliquis
875 2275 1007 2339 magnus
1038 2256 1174 2320 consiliis
1203 2263 1308 2321 tantae
1331 2259 1556 2340 magnitudinis

375 2347 542 2425 tantaeque
572 2344 743 2426 sapientiae
774 2361 825 2407 me
847 2343 963 2423 ingessi
987 2347 1018 2406 ct
1040 2341 1078 2406 dc
1100 2359 1133 2405 rc
1155 2361 1277 2424 magna
1321 2346 1446 2427 nequo
1468 2345 1556 2428 igno·

375 2430 467 2494 bilior
496 2435 588 2511 atque
618 2429 778 2506 abiectior,
815 2434 904 2492 tanto
934 2427 1059 2491 liberior
1087 2447 1157 2490 sum
1187 2429 1225 2491 ad
1254 2429 1443 2513 loquendum
1473 2430 1555 2513 quod

376 2515 512 2580 charitas
528 2515 676 2596 suggerit.
712 2514 804 2579 Unde
820 2521 852 2578 et
867 2509 969 2579 a'dhuo
984 2513 1064 2576 addo
1080 2513 1112 2577 iu
1135 2513 1243 2577 eadem
1266 2515 1444 2597 insipientia
1466 2535 1555 2580 mea:

377 2601 410 2665 Si
433 2601 502 2684 quis
518 2600 611 2677 aliud,
634 2618 729 2683 quam
750 2601 875 2665 locutus
896 2619 967 2665 sum
990 2599 1076 2663 vobis
1100 2599 1237 2682 -quod
1259 2620 1322 2663 nou
1345 2601 1498 2666 credimus
1515 2640 1556 2648 -

376 2687 506 2750 suadere
529 2686 707 2761 conabitur,
729 2686 757 2750 is
777 2686 915 2769 profecto
939 2691 1079 2750 autnon
1101 2684 1205 2765 diligit
1226 2685 1345 2767 Regem
1368 2693 1423 2750 aut
1443 2707 1555 2771 parum

374 2771 530 2852 iutelligit
553 2770 629 2853 quid
651 2772 769 2852 regiam
785 2772 893 2836 deceat
908 2773 1123 2843 maiestatem
1146 2775 1202 2833 aut
1216 2775 1298 2835 certe
1314 2791 1394 2854 quae
1410 2792 1468 2837 sua
1482 2782 1557 2838 sunt

377 2857 507 2940 quaerit
522 2862 554 2920 et
567 2876 631 2920 uon
643 2856 733 2920 valde
749 2876 829 2939 quae
840 2858 890 2922 vel
901 2856 960 2920 Dei
975 2856 1024 2920 vel
1036 2856 1133 2937 Regis
1148 2859 1223 2918 sunt
1237 2876 1345 2922 curare
1357 2861 1557 2926 convincitur.

324 3141 326 3144 ’
375 3125 446 3212 lll.
472 3126 584 3213 lrlrul
606 3127 703 3234 lauat
727 3127 850 3231 lugon
869 3124 918 3212 ll.
944 3149 1014 3212 run
1041 3125 1233 3230 lucrinum,
1259 3128 1285 3212 1.
1313 3127 1386 3214 lou.
1413 3129 1556 3224 littra

534 3255 611 3324 (Otto
628 3256 695 3312 Fris.
716 3255 798 3311 Gesta
815 3256 837 3322 1,
856 3273 878 3311 c.
897 3260 945 3322 36;
964 3255 1042 3322 Jafft,
1059 3255 1125 3324 Bag,
1144 3257 1220 3310 Pont.
1239 3275 1279 3312 nr.
1298 3261 1388 3348 6177.)

463 3369 624 3452 Eugenius
639 3372 810 3456 episcopus,
826 3389 934 3434 servus
950 3389 1109 3434 servorum
1124 3369 1191 3446 Dei,
1207 3370 1369 3436 karissimo
1385 3371 1417 3436 in
1433 3371 1557 3436 Christo

378 3455 442 3518 lilio
458 3455 618 3520 Lodewioo
640 3457 755 3521 illustri
783 3460 815 3521 et
837 3458 971 3539 glorioso
987 3456 1179 3519 Francorum
1202 3457 1267 3538 regi
1291 3461 1322 3520 et
1344 3457 1464 3522 dilectis
1487 3459 1558 3522 filiis

376 3541 569 3648 principibus
585 3547 617 3606 et
631 3543 784 3608 universis
799 3541 858 3607 Dei
879 3541 1023 3606 fidelibus
1045 3559 1100 3624 per
1116 3541 1249 3606 Galliam
1273 3545 1483 3608 constitutis*
1510 3562 1560 3608 sa·

466 3716 493 3780 a)
512 3713 563 3766 Die
581 3712 774 3782 Austerligung
790 3729 829 3767 nr.
843 3717 859 3766 2
877 3713 999 3783 (Romal,
1019 3711 1081 3768 Cod.
1095 3697 1228 3768 Morav'im
1239 3713 1261 3780 1,
1280 3715 1343 3780 241)
1361 3713 1410 3768 hat
1423 3715 1465 3769 die
1477 3705 1558 3768 llber-

378 3782 486 3837 schrift:
506 3783 652 3850 „universis
663 3784 714 3836 Dei
725 3783 847 3837 fidelibus
865 3801 913 3853 per
926 3782 1040 3838 Galliam
1060 3783 1238 3838 constitutis.“
1266 3783 1348 3837 Bcide
1360 3775 1557 3838 Ubersohrilten

378 3853 439 3906 sind
457 3854 673 3922 kanzlcimiassig3
693 3871 724 3907 zu
743 3854 791 3908 der
808 3871 858 3908 von
875 3859 944 3908 nr.l
966 3854 1017 3922 vgl.
1028 3852 1105 3920 taffo,
1124 3853 1189 3922 Bag.
1209 3856 1285 3908 Pont
1304 3870 1345 3909 nr.
1363 3859 1442 3922 6248,
1462 3873 1493 3909 zu
1513 3855 1560 3909 der

379 3940 428 3977 von
446 3940 486 3978 nr.
504 3928 521 3978 2
538 3923 608 3979 aaut
625 3941 665 3978 nr.
684 3927 762 3980 6323.
943 3969 951 3984 .

386 4063 405 4117 Γ
439 3994 493 4118 RK)
509 3993 571 4063 Vgl.
590 3996 641 4049 mit
659 3995 745 4049 dieser
761 3995 931 4062 Aoslassung
949 3994 991 4048 die
1010 3993 1184 4048 sinleiteuden
1198 3993 1289 4049 Wortc
1306 3996 1344 4050 im
1363 3995 1504 4050 Schroiben
1524 4013 1557 4050 an

379 4081 422 4118 (re
465 4069 542 4120 ”mem

472 4136 513 4201 *’)
530 4125 603 4190 Uber
616 4135 667 4189 den
684 4135 793 4189 aweiteu
804 4135 943 4203 Kreunaug
960 4135 1013 4204 vgl.
1032 4134 1147 4202 willan,
1167 4135 1262 4191 (leuch.
1282 4137 1329 4190 der
1346 4136 1498 4206 Kreuzztigc
1516 4137 1558 4202 11;

378 4205 462 4272 Weil,
488 4204 582 4260 Geseh.
602 4204 649 4259 der
667 4205 788 4261 Cbaliieu
804 4205 861 4273 III;
887 4206 983 4274 Sybel‚
1006 4196 1078 4259 Uber
1096 4206 1146 4258 den
1166 4208 1273 4261 zweiten
1292 4207 1442 4274 Kreuzzug‚
1466 4207 1559 4262 Kleino

378 4275 511 4330 Schriften
528 4275 551 4342 Ι,
570 4281 620 4330 411
641 4277 668 4330 ff.
705 4267 777 4330 Uber
794 4294 874 4332 unser
891 4277 1032 4330 Schraiben
1052 4276 1103 4343 vgl.
1124 4276 1231 4344 Kugler,
1250 4277 1362 4332 Studien
1382 4295 1403 4332 a.
1418 4277 1512 4332 (leuch.
1532 4279 1558 4332 d.

379 4347 486 4401 zwcitan
504 4345 655 4415 Krcunzugs
673 4345 700 4400 S.
722 4353 733 4402 l
755 4347 795 4414 ff.;
814 4348 963 4402 Aualelrtffl
981 4346 1007 4400 S.
1027 4351 1060 4401 al
1080 4347 1123 4412 ff.;
1143 4345 1314 4402 Giesebrooht
1332 4347 1377 4414 IV,
1397 4352 1447 4404 ⁶247
1467 4349 1559 4414 Anm.;

378 4417 526 4470 Beinhardi
547 4434 570 4471 a.
589 4433 614 4471 a
632 4416 664 4472 0.
683 4416 710 4472 S.
730 4421 782 4472 olo
800 4419 836 4485 t,
856 4423 907 4474 bill
926 4417 1014 4485 (Auru.
1034 4420 1093 4483 38);
1113 4415 1260 4482 Heumann,
1278 4418 1417 4472 Bernhard
1436 4437 1458 4474 v.
1478 4419 1561 4474 Clnir·

379 4503 447 4541 vaux
464 4503 491 4542 u.
510 4487 553 4541 dio
570 4486 691 4556 Anfdngo
710 4488 735 4541 d.
749 4489 856 4543 aweiten
874 4489 996 4555 Krouaz.;
1023 4487 1135 4556 lingbu,
1154 4487 1228 4542 Neue
1245 4489 1394 4543 Andokten
1412 4489 1560 4558 qliibiuger
