3617 5284
350 507 414 569 292

351 676 507 741 afferendo
522 674 582 758 ipsi
588 674 612 726 ⁸)
627 673 740 739 auxilio
755 679 785 738 et
803 675 994 758 expeditione
1009 675 1225 758 promerenda,
1241 674 1391 758 episcopis
1407 691 1531 758 quoque

349 768 418 827 tam
439 760 538 826 literis
561 778 655 841 quem
676 759 800 824 nunciis
829 761 888 825 sub
914 780 996 845 pena
1016 760 1110 825 officii
1140 763 1172 825 et
1192 760 1331 826 beneficii
1352 761 1530 844 pariterque

351 844 562 913 anathematis
591 843 844 910 interminatione
872 847 1039 912 inhibendo
1067 845 1266 924 destinatius,
1294 864 1334 911 ne
1364 846 1413 911 vel
1442 847 1530 910 adiu·

350 935 468 1000 torium
502 931 642 996 facerent
679 931 729 995 uel
761 931 880 1013 aliquid
919 952 1024 997 secum
1062 950 1240 1016 comparare
1272 931 1530 1015 presumerent*)

351 1019 438 1098 Quas
460 1015 598 1102 protecto
620 1017 741 1082 litteras
770 1017 898 1115 quidam
928 1037 965 1083 ex
992 1018 1081 1118 nobis
1103 1017 1248 1082 viderunt
1270 1021 1302 1115 et
1323 1017 1530 1115 perlegerunt,

350 1104 549 1266 tressi
567 1103 1072 1272 treveros-strumus
1091 1109 1221 1274 estur.
1234 1103 1530 1254 mereatu

351 1279 384 1343 et
409 1275 585 1360 specialiter
618 1275 667 1338 de
689 1273 795 1338 tacto
817 1273 1083 1339 Treuerensis
1114 1274 1340 1357 ecclesie**)
1362 1274 1530 1348 subiunxit,

350 1363 388 1427 de
411 1380 472 1444 quo
494 1379 553 1425 nec
575 1359 658 1424 credi
679 1359 783 1443 potuit
803 1379 861 1425 neo
883 1361 986 1425 anirne
1009 1359 1140 1444 concipi,
1168 1359 1251 1443 quod
1273 1379 1308 1425 eo
1330 1378 1530 1442 nequaquam

353 1451 478 1531 accepto
492 1446 554 1510 fine
568 1445 649 1510 foret
663 1445 918 1510 concludendum.
962 1445 1046 1510 Nam
1068 1447 1095 1510 si
1117 1445 1288 1510 secundum
1304 1445 1529 1511 ordinationem

351 1534 488 1598 vestram
510 1530 593 1596 idem
614 1532 733 1596 facturn
754 1531 973 1596 inconvulsum
1002 1549 1183 1615 permanere
1206 1531 1345 1608 deberet,
1373 1531 1546 1596 videretur·

350 1618 517 1702 imperium
540 1617 836 1682 demembrationem
864 1623 896 1682 et
918 1617 1086 1682 maximam
1116 1617 1166 1682 sui
1193 1615 1270 1681 iuris
1292 1617 1529 1682 diminutionem

350 1703 526 1779 incurrisse,
547 1703 712 1786 presertim
733 1722 820 1767 cum
840 1703 958 1768 nulla
979 1705 1282 1768 antecessorum
1304 1721 1461 1768 suorum
1484 1703 1530 1766 ab

351 1790 485 1871 aliquo
508 1790 815 1853 antecessorum
844 1791 1068 1854 vestrorum
1096 1789 1253 1853 factum
1275 1787 1404 1853 fuisse
1427 1788 1530 1853 anti·

351 1873 529 1957 quitatis
551 1874 900 1958 curiosareportet
915 1876 1114 1952 memoria,
1135 1874 1237 1956 quod
1252 1873 1529 1958 episcoporum

351 1960 557 2044 quispiam
583 1959 627 2023 in
653 1978 777 2042 regne
799 1960 1018 2025 Teutonico
1047 1961 1389 2026 consecrationem
1416 1959 1528 2043 prius

351 2065 467 2130 quam
488 2046 637 2130 regalia
657 2064 727 2128 per
748 2045 1180 2130 sceptrumimperiale
1195 2047 1410 2128 receperit,
1432 2045 1529 2128 quod

351 2131 512 2215 quidem
533 2131 684 2195 rationi
713 2151 785 2196 non
808 2131 1004 2214 derogans
1022 2133 1075 2212 in
1102 2131 1173 2196 hec
1199 2149 1325 2213 usque
1354 2133 1530 2214 tempora

350 2237 448 2283 usus
489 2217 732 2301 approbatus
772 2218 1013 2283 celebritate
1053 2217 1321 2282 conservavit
1373 2217 1435 2282 Sed
1472 2236 1530 2282 neo

351 2305 432 2368 hanc
453 2302 576 2386 imperii
597 2302 752 2367 iusticiam
767 2302 998 2386 infringendam
1018 2322 1074 2387 per
1088 2322 1142 2368 vos
1165 2306 1221 2366 aut
1242 2302 1438 2385 aliquatenus
1460 2322 1529 2386 per·

350 2389 536 2454 mutandam
566 2387 710 2453 dominus
731 2389 908 2473 imperator,
930 2408 1011 2466 curn,
1033 2392 1070 2453 ut
1085 2387 1284 2462 attestatione
1306 2387 1529 2453 venerabilium

351 2476 488 2539 virorum
514 2474 770 2540 Monasterieusis
804 2478 835 2539 et
860 2474 1003 2540 Astensis
1032 2475 1245 2558 episcoporum
1277 2476 1309 2539 et
1340 2473 1442 2538 fidelis
1471 2472 1528 2538 viri

353 2559 456 2644 S.***)
474 2559 669 2639 mandatarii,
692 2579 769 2642 quos
781 2561 921 2625 eiusdem
932 2561 1016 2625 verbi
1029 2579 1192 2645 sponsores
1207 2559 1245 2624 ad
1262 2579 1334 2624 eum
1355 2559 1528 2636 remisistis,

351 2647 554 2712 manifestum
584 2649 643 2723 est,
674 2645 837 2711 dominum
857 2646 1069 2711 Fulmarumb)
1098 2663 1261 2728 nunquam
1289 2664 1343 2711 vos
1371 2664 1529 2710 consecra·

353 2739 459 2796 turum
481 2734 515 2796 in
536 2733 629 2797 verbo
651 2731 768 2798 domini
782 2732 913 2797 firmiter
931 2731 1143 2816 promiseritis.
1154 2733 1187 2814 †)
1221 2730 1368 2797 Ceterum
1382 2731 1414 2795 in
1430 2731 1530 2796 archi·

351 2819 532 2902 episcopatu
559 2818 849 2883 Mediolanensi
876 2817 1005 2882 iniurias
1034 2819 1134 2882 multo
1165 2836 1202 2882 ex
1228 2820 1367 2900 tempore
1396 2836 1415 2882 a
1441 2817 1528 2882 vobis

350 2903 481 2988 imperio
509 2902 609 2968 factas
635 2904 668 2967 in
696 2904 818 2988 publico
840 2904 1008 2988 proposuit.
1052 2903 1099 2967 Ita
1119 2921 1256 2984 namque
1277 2903 1384 2980 sedes,
1413 2908 1529 2986 quanto

350 2989 461 3055 ceteris
494 2989 528 3054 in
548 2989 641 3053 Italia
667 2989 765 3054 maior
793 2992 826 3055 et
855 2989 1052 3055 excellentior
1082 2988 1278 3072 perhibetur,
1311 2991 1400 3055 tante
1427 2989 1530 3054 virum

351 3075 538 3160 prudentem
571 3079 603 3140 et
634 3076 744 3140 utilem
776 3076 945 3159 imperium
975 3075 1008 3138 in
1042 3092 1079 3139 ee
1104 3075 1237 3157 requirit
1267 3077 1298 3140 et
1319 3075 1530 3142 necessarium

351 3161 455 3226 habet
500 3160 569 3236 Sed,
592 3165 630 3226 ut
644 3162 763 3239 asserit,
785 3181 880 3226 usum
894 3161 1046 3242 regalium
1061 3160 1191 3244 imperio
1207 3161 1380 3226 antistitem
1402 3161 1530 3227 ecclesie

351 3249 415 3312 iam
436 3247 579 3331 pluribus
602 3247 691 3312 annis
707 3246 892 3329 denegastis.
936 3246 1057 3312 Adiecit
1078 3245 1215 3330 insuper,
1238 3249 1363 3330 quantis
1378 3248 1530 3312 erecti-

355 3378 562 3386 --...—————

442 3425 468 3492 a)
487 3424 626 3494 Ludewig:
643 3423 717 3493 ipsis.
754 3424 810 3479 Das
828 3423 905 3478 Wort
923 3423 990 3479 fehlt
1007 3425 1050 3479 bei
1068 3424 1176 3480 deull.

440 3495 468 3551 bl
487 3494 613 3564 Ludewig
630 3495 700 3548 statt
718 3494 744 3549 d.
762 3494 806 3551 R:
827 3496 897 3550 dum.

442 3566 467 3631 *l
485 3565 577 3620 Urbem
594 3565 644 3620 111.
663 3569 726 3632 sagt
743 3567 828 3620 selber
846 3567 874 3621 in
892 3566 989 3621 seinem
1002 3565 1089 3620 Briete
1108 3582 1140 3620 an
1153 3565 1289 3620 Friedrich
1302 3566 1324 3621 Ι.
1343 3583 1401 3622 vom
1414 3571 1453 3622 te.
1466 3567 1529 3621 Juni

232 3675 238 3685 .
355 3641 422 3692 1186
442 3635 604 3706 (reprom
623 3652 663 3690 nr.
685 3639 797 3703 moed:
815 3637 876 3705 Eos,
895 3637 941 3708 qni
959 3636 1010 3691 sibi
1029 3636 1181 3691 commissas
1199 3636 1322 3691 eeclesias
1340 3639 1395 3692 tarn
1413 3638 1541 3693 indebite

353 3707 496 3790 conditioni
524 3707 651 3762 subiicere
678 3711 899 3779 presumpserunt,
927 3710 1033 3762 auctore
1064 3707 1168 3762 domino
1196 3707 1322 3778 pastorali
1351 3709 1435 3763 officio
1463 3725 1530 3763 com·

353 3794 556 3915 pesum-pom
584 3848 626 3901 die
644 3846 747 3902 [trierer
764 3847 937 3919 Doppelwahl
967 3849 1020 3918 ugl.
1050 3847 1133 3904 Gesta
1161 3848 1329 3903 Treverorum
1358 3866 1379 3904 e.
1407 3853 1530 3905 93-100

352 3918 401 3985 (bt.
420 3917 452 3974 G.
472 3918 517 3973 SS,
533 3918 651 4000 ‚mvn
689 3908 761 3972 Uber
779 3919 857 3973 deren
877 3917 1127 3989 Glaubwtirdiglreit
1143 3919 1255 3974 handelt
1266 3919 1531 3974 &heder-Boiehorst

353 4007 376 4044 ι
397 3987 752 4125 ξ*9)’8ῗῗιιὲἓξξ-ἓὸίοὴοητ
777 4077 800 4115 a.
829 4076 853 4115 a
877 4058 908 4115 Ο.
934 4058 960 4116 S.
979 4065 1014 4115 88
1032 4060 1145 4116 dnmd
1174 4063 1305 4116 vermutet
1322 4059 1451 4130 Siegiried
1476 4078 1526 4117 von

353 4129 569 4266 Heffissi⁸tlesta
586 4199 755 4254 'lbevemmm
774 4217 795 4254 c.
815 4204 862 4256 95:
879 4173 1004 4256 Urbanus
1029 4202 1057 4256 in
1075 4203 1152 4256 verbo
1172 4201 1270 4256 domini
1288 4202 1422 4256 iuraverat
1438 4205 1467 4257 et
1484 4219 1529 4274 per

353 4271 526 4326 venerabilem
543 4270 777 4325 Monasteriensem
801 4271 951 4342 episcopum
969 4271 1149 4327 Hermennum
1173 4272 1326 4343 imperatori
1350 4273 1528 4340 mandaverat,

353 4340 423 4412 quod
441 4340 561 4396 Folmaro
579 4357 715 4424 nunqupm
727 4358 822 4396 manus
835 4343 1039 4397 consecrationis
1057 4343 1210 4414 imponeret,
1230 4343 1301 4398 siout
1311 4343 1529 4416 idemepieoopus

352 4415 444 4482 posteo
462 4429 548 4467 ocrem
566 4411 729 4483 prmcrprbns
747 4413 882 4468 confessus
899 4414 949 4468 est.
