3617 5284
356 536 396 598 14

353 704 461 788 positis
485 704 689 769 sacrosanctis
712 703 888 786 evangeliis,
910 703 1106 787 praesidente
1129 721 1253 786 quoque
1275 701 1533 766 reverendissimo

354 809 390 854 ac
422 790 601 854 beatissimo
629 789 757 855 Nicolao
791 789 958 874 apostolico
979 807 1068 873 papa
1100 788 1133 853 in
1166 788 1293 853 basilica
1314 788 1533 854 Laterauensis

353 875 540 960 patriarchii,
564 893 624 958 que
647 876 883 958 cognominatur
900 875 1165 951 Constantiniana,
1188 874 1420 940 considentibus
1437 874 1533 938 eliam

353 961 618 1027 reverendissimis
648 961 893 1045 archiepiscopis,
929 961 1088 1045 episcopis,
1121 960 1285 1026 abbatibus
1318 979 1375 1024 seu
1406 978 1533 1024 venera·

353 1047 466 1111 bilibus
500 1047 688 1130 presbyteris
722 1051 816 1130 atque
845 1047 1034 1124 diaconibus,
1066 1046 1150 1111 idem
1182 1045 1365 1111 venerabilis
1388 1044 1532 1130 pontifex,

354 1133 538 1197 auctoritate
574 1133 742 1217 apostolica
774 1133 950 1210 decemsns‚
983 1133 1022 1198 dc
1051 1131 1198 1197 electione
1231 1131 1347 1196 summi
1379 1131 1532 1215 pontificis

353 1219 385 1283 in
408 1219 472 1282 uit:

387 1238 408 1300 q
440 1305 534 1369 Novit
566 1305 725 1369 beatitudo
760 1307 877 1381 vestra,
917 1304 1108 1369 dilectissimi
1142 1303 1253 1368 iratres
1289 1307 1321 1367 et
1353 1303 1532 1387 coepiscopi,

354 1389 499 1454 inferiore
531 1409 654 1473 quoque
677 1392 818 1456 membre
840 1391 956 1456 Christi
978 1410 1040 1455 uon
1063 1390 1165 1466 latuit,
1187 1389 1332 1454 defuncto
1365 1389 1434 1472 piae
1467 1407 1532 1453 me-

354 1475 470 1540 moriae
492 1475 616 1545 domino
640 1475 798 1560 Stephano
827 1477 986 1542 decessore
1008 1480 1122 1552 nostro,
1145 1476 1222 1540 haec
1245 1475 1411 1558 apostolica
1433 1475 1531 1552 sedes,

354 1561 403 1626 cui
426 1561 482 1626 dec
517 1565 641 1626 auctore
664 1562 809 1638 deservio,
844 1565 921 1644 quot
943 1562 1072 1627 adverso
1093 1561 1257 1647 pertulerit
1289 1563 1367 1642 quot
1398 1561 1531 1644 danique

356 1665 411 1732 per
434 1647 620 1712 simoniacae
643 1648 779 1712 haeresis
801 1649 969 1732 trapezitas
991 1649 1113 1713 malleis
1135 1648 1312 1729 crebrisque
1334 1646 1532 1712 tunsionibus

354 1733 549 1808 subiacusn't
573 1733 648 1797 adeo
672 1737 708 1797 ut
730 1734 874 1798 columna
896 1734 945 1798 dei
967 1735 1099 1798 viventis
1113 1733 1241 1798 iamiam
1262 1752 1360 1817 paene
1374 1732 1532 1798 videretur

354 1837 503 1884 concussa
526 1822 638 1883 nutare
661 1823 692 1883 et
713 1839 830 1902 sagena
844 1820 959 1884 summi
982 1820 1144 1904 piscatoris
1166 1819 1309 1903 procellis
1323 1819 1532 1884 intumescen-

354 1904 437 1968 tibus
460 1909 621 1988 cogeretur
642 1905 673 1968 iu
696 1905 851 1988 naufragii
873 1906 1028 1990 profunda
1049 1905 1216 1988 submergi.
1259 1905 1359 1981 Unde,
1382 1905 1409 1969 si
1429 1905 1533 1989 piaret

354 1989 543 2054 fraternitati
565 1993 694 2066 vestrae,
717 1991 865 2056 debemus
889 1992 1057 2056 auxiliante
1086 1992 1143 2056 deo
1165 1991 1279 2056 futuris
1302 1991 1424 2055 casibus
1457 2010 1532 2075 pru·

354 2076 462 2139 denter
485 2095 643 2141 occurrere
666 2082 697 2141 et
720 2078 927 2143 ecclesiastico
949 2077 1054 2151 statui,
1076 2097 1115 2142 ne
1137 2077 1285 2153 vediviva,
1308 2115 1349 2122 -
1373 2076 1455 2158 quod
1478 2077 1531 2140 ab·

354 2161 415 2226 sit!
431 2199 472 2207 -
495 2163 578 2226 mala
600 2164 806 2246 praevaleant,
829 2163 861 2227 in
883 2168 1044 2248 posterum
1066 2163 1250 2248 providere·
1268 2162 1465 2246 Quapropter
1485 2163 1531 2225 in-

354 2247 463 2312 structi
487 2248 758 2332 praedecessorum
781 2252 958 2314 nostrorum
981 2249 1174 2333 aliorumque
1203 2253 1382 2313 sanctorum
1405 2251 1530 2332 patrum

354 2333 538 2398 auctoritate
561 2333 754 2398 decernimus
778 2339 871 2417 atque
894 2336 1081 2400 statuimus:

440 2421 507 2500 §.1
543 2422 579 2483 ut
601 2420 733 2484 obeunte
755 2420 849 2485 huius
871 2423 1031 2486 Romanae
1060 2420 1244 2485 universalis
1278 2419 1423 2485 ecclesiae
1455 2441 1532 2504 pon-

355 2504 434 2569 tifice
456 2504 597 2588 inprimis
620 2505 790 2570 cardinales
814 2506 1052 2590 diligentissima
1073 2508 1168 2572 simul
1185 2505 1428 2571 consideratione
1449 2510 1531 2570 trac

353 2594 493 2667 tantem),
509 2591 595 2655 salvo
611 2591 713 2656 debito
729 2593 843 2658 honore
859 2597 890 2656 et
904 2593 1078 2658 reverentia
1087 2593 1191 2657 dilecti
1206 2591 1261 2655 filii
1275 2593 1374 2656 nostri
1384 2591 1530 2668 Heinrici‚

355 2676 462 2758 quiin
484 2677 730 2761 praesentiarum
752 2697 804 2743 rex
828 2679 960 2743 habetur
990 2683 1021 2743 et
1043 2678 1169 2743 iuturus
1190 2678 1359 2762 imperator
1380 2677 1437 2742 deo
1459 2697 1532 2742 con·

354 2762 481 2826 cedente
495 2765 645 2860 speratur,
669 2764 749 2828 sicut
770 2765 832 2828 iam
849 2765 908 2828 sibi
918 2765 1075 2829 mediante
1098 2765 1164 2828 eius
1174 2764 1284 2828 nuntio
1298 2763 1531 2846 longobardiae

354 2849 534 2913 cancellario
557 2849 604 2910 W.
639 2850 856 2926 concessimus,
890 2853 922 2914 et
955 2870 1169 2916 successorum
1197 2849 1290 2925 illins,
1324 2848 1379 2930 qui
1402 2850 1440 2914 ab
1472 2850 1531 2914 huc

355 2933 523 3016 apostolico
545 2933 617 2997 sede
639 2934 841 3018 personaliter
863 2935 922 3000 hoc
942 2935 991 3000 ius
1013 2937 1256 3021 impetraverint,
1282 2934 1321 2999 ad
1344 2953 1530 3000 consensum

354 3037 451 3082 novae
474 3018 630 3084 electionis
654 3021 809 3085 accedant.

440 3107 467 3186 ἕ.
491 3107 511 3166 2
533 3109 632 3169 ut-
655 3107 803 3171 nimirum
826 3127 864 3171 ne
876 3108 1053 3172 venalitatis
1076 3108 1202 3172 morbus
1219 3106 1358 3188 qualibet
1372 3107 1530 3171 occasione

354 3190 535 3274 surripiatll,
559 3229 600 3238 —-
621 3193 756 3274 religiosi
780 3193 834 3258 viri
851 3213 923 3257 cum
938 3193 1134 3258 serenissimo
1148 3193 1210 3258 filio
1225 3195 1332 3258 nostro
1347 3211 1420 3274 rege
1433 3193 1530 3256 Hein-

354 3277 415 3341 n'co
448 3276 617 3360 praeduces
651 3279 714 3342 sint
745 3279 776 3342 iu
806 3279 1005 3363 promovendi
1038 3279 1197 3363 pontifices
1232 3278 1387 3355 electione,
1418 3278 1530 3360 reliqui

354 3365 460 3426 evitem
482 3380 638 3444 sequaces.

440 3449 508 3529 §.3
543 3447 668 3530 Eligant
691 3453 796 3515 curtem
819 3451 857 3515 de
880 3451 977 3535 ipsius
1001 3450 1147 3515 ecclesiae
1170 3451 1294 3532 gremio,
1327 3450 1353 3513 si
1375 3450 1528 3533 reperitur

353 3533 491 3608 idoneus,
513 3535 562 3597 vel
586 3535 610 3598 si
634 3535 671 3600 de
695 3536 763 3619 ipsa
784 3557 845 3601 non
867 3537 1033 3612 invenitur,
1056 3557 1092 3600 er
1115 3537 1176 3601 alia
1198 3538 1385 3601 assumatur.

440 3621 467 3702 §-
491 3621 510 3682 4
533 3620 649 3698 Quodsi
673 3641 838 3705 pravorum
860 3627 955 3704 atque
984 3623 1163 3704 iniquorum
1192 3621 1354 3686 bominum
1387 3621 1432 3685 ita
1458 3640 1529 3705 per-

354 3706 484 3770 versitas
506 3705 680 3782 invaluerit,
704 3711 739 3771 ut
761 3727 847 3793 pura,
874 3709 994 3772 sincera
1015 3711 1109 3790 atque
1131 3707 1269 3790 gratuita
1291 3708 1399 3772 electio
1413 3707 1480 3771 fieri
1495 3707 1527 3770 in

354 3791 439 3856 Urbe
461 3811 523 3856 non
545 3793 651 3876 possit,
673 3793 746 3858 licet
768 3795 858 3879 pauci
881 3795 952 3870 siut
975 3794 1024 3858 ius
1047 3799 1153 3858 tamen
1175 3794 1338 3877 potestatis
1361 3792 1529 3870 obtineant,

355 3876 467 3958 eligere
500 3879 685 3961 apostolicae
717 3881 782 3944 sedi
816 3879 1001 3964 pontificem,
1035 3880 1088 3944 ubi
1121 3899 1192 3944 cum
1225 3878 1427 3944 invictissimo
1456 3898 1529 3960 rege

355 3961 498 4027 Heinrico
520 3965 740 4046 congruentius
764 3965 974 4030 iudicaverint.

441 4050 467 4130 §-
490 4051 510 4110 5
532 4049 629 4114 Plane
640 4055 807 4135 postquam
830 4051 938 4116 electio
960 4050 1054 4115 fuerit
1075 4052 1166 4123 factu,
1189 4051 1215 4114 si
1238 4051 1347 4116 bellica
1358 4054 1528 4134 tempestas

356 4135 402 4198 vel
425 4133 649 4219 qualiscunque
671 4138 833 4201 hominum
856 4139 986 4202 conatus
1008 4137 1213 4218 malignitatis
1236 4137 1338 4202 studio
1371 4135 1528 4211 restiterit,
1648 4175 1652 4182 -

356 4223 392 4283 ut
413 4220 440 4284 is
465 4219 518 4302 qui
541 4221 657 4286 electus
680 4227 729 4286 est
760 4223 792 4286 in
816 4222 1017 4307 apostolicam
1039 4222 1146 4286 sedem
1166 4222 1254 4286 iuxta
1275 4222 1529 4286 consuetudinem

354 4305 556 4370 inthronizari
579 4327 639 4372 non
662 4308 773 4386 valeat,
807 4309 924 4373 electus
956 4311 1062 4372 tamen
1095 4308 1176 4373 sicut
1197 4327 1279 4393 papa
1311 4309 1529 4372 auctoritatem

357 4439 548 4446 ’-ψ-*-

443 4482 469 4546 a)
487 4441 688 4546 Ud.,-t·ractent.
718 4481 747 4544 b)
766 4477 826 4546 Ud,
845 4481 973 4548 surrepat.
