3617 5284
371 461 414 528 30

371 635 484 699 diaboli
507 655 525 699 a
547 635 761 700 cummunione
784 637 816 700 et
837 656 963 720 corpore
984 637 1081 701 totius
1103 636 1249 701 ecclesiae
1272 635 1490 719 separavimus,
1513 637 1553 705 ,et

371 740 485 802 regem,
508 724 543 784 ut
565 740 616 785 ecs
639 739 658 784 a
679 721 773 784 domu
796 741 860 795 stre,
896 741 916 786 a
937 723 1071 786 consiliis
1101 725 1133 787 et
1154 723 1237 787 omni
1259 722 1473 786 communione
1496 740 1552 785 sua

372 807 453 871 sicud
474 806 753 871 excommunicatos
776 809 949 891 expelleret,
972 809 1199 872 admonuimus.

457 893 589 956 Interim
614 911 693 969 vero,
727 898 966 974 aggravescente
998 897 1106 958 contra
1137 913 1242 974 regem
1265 893 1422 957 Saxonum
1451 911 1553 967 causa,

373 997 444 1042 cum
466 978 546 1042 vires
568 981 600 1042 et
621 978 773 1061 praesidia
794 981 881 1061 regni
904 980 1098 1044 ermarims
1118 983 1206 1063 parte
1229 997 1248 1042 a
1269 998 1302 1043 se
1325 979 1453 1042 deficere
1475 979 1554 1042 velle

373 1065 576 1146 conspiceret,
608 1065 723 1128 iterum
755 1066 843 1129 nohis
876 1065 986 1129 direxit
1019 1066 1180 1148 epistolam
1214 1065 1384 1148 supplicem
1418 1067 1449 1127 et
1470 1065 1552 1129 omni

372 1150 547 1213 humilitate
570 1150 702 1232 plenam.
758 1151 794 1214 In
818 1170 888 1232 qua,
917 1152 1119 1234 omnipotenti
1142 1152 1207 1215 Deo
1234 1170 1270 1214 ac
1292 1151 1380 1214 beato
1402 1150 1496 1214 Petro
1519 1169 1554 1213 ac

374 1235 461 1299 nohis
482 1235 571 1300 valde
593 1255 626 1299 se
649 1236 833 1318 culpabilem
856 1237 996 1313 reddens,
1017 1256 1124 1320 preces
1146 1238 1238 1300 etiam
1261 1237 1381 1312 obtuht,
1405 1239 1449 1310 ut,
1472 1236 1552 1316 quod

249 1399 254 1408 1
375 1341 410 1384 ex
433 1340 490 1384 sua
512 1321 603 1403 culpa
624 1321 656 1383 in
680 1323 892 1386 ecclesiasticis
915 1324 1016 1388 causis
1038 1328 1145 1387 contra
1173 1323 1350 1386 canonicam
1372 1322 1554 1385 iustitiam⁸l

374 1410 405 1470 et
427 1406 550 1470 decreta
583 1410 761 1471 sanctorum
790 1411 916 1491 patrum
938 1409 1127 1491 deliquisset,
1160 1410 1266 1472 nostra
1288 1407 1454 1490 apostolico
1486 1426 1555 1490 pro-

374 1492 509 1556 videntia
531 1494 563 1556 ct
585 1494 767 1557 auctoritate
790 1495 940 1575 corrigere
967 1495 1181 1568 studeremus3
1215 1497 1310 1575 atque
1339 1492 1370 1556 in
1401 1513 1436 1556 eo
1464 1512 1553 1557 suam

374 1578 461 1642 nohis
484 1598 539 1661 per
568 1579 671 1642 omnia
699 1580 904 1644 obedientiam
934 1600 1119 1644 consensum
1140 1583 1172 1643 et
1192 1579 1283 1643 fidele
1304 1579 1447 1662 promisit
1468 1578 1555 1641 adiu·

374 1664 497 1728 terium.
555 1664 622 1728 Hoc
653 1664 735 1728 idem
769 1665 863 1729 etiam
895 1668 1003 1749 postea
1031 1705 1072 1711 —
1102 1665 1347 1730 aeonfratribus
1380 1668 1412 1728 et
1444 1665 1555 1745 legatis

375 1749 489 1813 nostris
511 1749 684 1814 Humbcrto
706 1751 908 1815 Praenestino
937 1753 1076 1834 episeopo
1104 1755 1137 1816 et
1160 1751 1292 1816 Geraldo
1315 1750 1451 1815 Ostiensi
1475 1751 1556 1832 epis-

375 1855 457 1918 copo,
491 1854 568 1916 quos
591 1835 630 1898 ad
663 1836 752 1900 illum
779 1837 931 1914 misimus,
965 1838 1004 1901 ad
1025 1837 1246 1920 poenitentiam
1274 1838 1436 1918 susceptus
1459 1874 1499 1880 —
1522 1836 1555 1899 in

375 1921 498 1984 illorum
520 1939 632 1985 manus
661 1941 717 2004 per
737 1925 872 1987 sacratas
895 1924 999 1999 stolas,
1022 1943 1099 2005 quas
1121 1923 1153 1986 in
1175 1923 1253 1987 collo
1275 1923 1431 1998 tenebant,
1452 1941 1556 2005 repre-

375 2006 526 2070 mittendo
549 2006 748 2071 confirmavit.

460 2091 579 2156 Deinde
601 2095 672 2174 post
686 2093 810 2175 aliquod
832 2096 957 2176 tempus
979 2092 1143 2158 commisso
1158 2113 1230 2157 cum
1246 2093 1418 2158 Senonibus
1432 2093 1556 2176 proelio,

375 2196 428 2241 rex
450 2196 505 2260 pro
528 2177 661 2254 victoria,
685 2197 779 2260 quem
803 2179 935 2262 adeptus
957 2182 1012 2254 est,
1045 2180 1124 2244 tales
1146 2180 1212 2244 Deo
1235 2182 1340 2260 grates
1362 2183 1395 2243 et
1415 2179 1556 2243 victimas

376 2263 503 2328 obtulit:
527 2265 564 2326 ut
585 2265 664 2340 vota,
687 2284 766 2346 quac
789 2265 827 2328 de
850 2265 1062 2330 emendatione
1085 2284 1142 2329 sua
1164 2265 1285 2340 lecerat,
1307 2265 1452 2329 continuo
1474 2264 1557 2328 fran-

377 2351 472 2430 geret,
495 2351 527 2412 et
540 2348 617 2412 nihil
634 2367 748 2427 corum,
771 2369 850 2432 quae
868 2351 1059 2433 promiserat,
1082 2351 1255 2427 attendens,
1278 2351 1557 2415 excommunicatos

377 2435 408 2498 in
430 2453 521 2498 suem
543 2433 786 2500 familiaritatem
809 2440 841 2501 et
862 2437 1110 2500 communionem
1132 2437 1288 2519 reciperet,
1311 2440 1343 2500 et
1365 2437 1507 2500 ecclesias
1524 2437 1556 2499 in

377 2539 445 2584 eam
469 2539 565 2601 quam
586 2526 786 2586 consueverat
807 2521 1017 2586 confusionem
1039 2523 1186 2587 traheret.

464 2603 534 2684 Qua
556 2605 594 2668 dc
616 2625 649 2670 re
672 2608 757 2688 grau
780 2607 881 2672 dolore
903 2609 1045 2690 perculsi,
1075 2627 1266 2689 quamquam
1287 2611 1357 2690 post
1380 2609 1558 2689 contempte

378 2691 519 2755 coelestis
547 2691 629 2772 regis
652 2693 800 2756 beneficia
820 2712 898 2776 pene
922 2694 1021 2758 omnis
1052 2713 1122 2776 spes
1151 2693 1346 2757 correctionis
1374 2693 1441 2757 eius
1469 2693 1557 2757 nohis

378 2777 481 2840 ablata
507 2777 556 2852 sit
589 2777 691 2842 adhuc
711 2783 817 2842 tamen
849 2779 989 2842 animum
1022 2780 1088 2843 eius
1121 2779 1339 2861 temptandum
1361 2777 1425 2842 fore
1454 2778 1558 2843 decre·

377 2862 487 2939 vimus,
509 2862 608 2944 magis
631 2863 812 2946 cupientes,
828 2883 900 2928 eum
922 2865 1120 2947 apostolicam
1148 2864 1427 2937 mansuetudinem
1443 2864 1558 2940 audire,

379 2967 473 3029 quam
503 2948 631 3030 experiri
654 2951 858 3014 severitatem.
902 2950 1013 3031 Itaque
1041 2950 1183 3013 misimus
1206 2951 1233 3013 ci
1256 2950 1401 3032 epistolas
1424 2969 1558 3013 commo-

377 3032 556 3116 nitorias*):
574 3037 610 3097 ut
623 3035 808 3113 meminerit,
825 3035 898 3116 quid
914 3039 946 3099 et
960 3036 1010 3100 cui
1023 3036 1214 3119 promiserit3
1236 3055 1275 3099 ne
1291 3035 1404 3111 credat,
1420 3054 1453 3098 se
1467 3055 1558 3118 posse

378 3119 484 3182 fallere
507 3119 618 3196 Deum,
648 3122 736 3186 cuius
760 3125 875 3203 quanto
897 3122 1041 3204 prolixior
1062 3125 1110 3186 est
1131 3121 1288 3204 patientia,
1310 3124 1398 3185 tanto
1426 3121 1559 3185 severior
1686 3160 1691 3169 ·

379 3208 435 3280 est,
457 3224 529 3268 cum
551 3204 685 3270 iudicare
708 3208 849 3290 coeperit,
871 3208 933 3280 ira;
966 3225 1006 3270 ne
1033 3207 1196 3271 inhonoret
1222 3207 1325 3272 Deum
1355 3207 1559 3271 honorantem

379 3309 420 3367 se,
442 3309 500 3354 nec
510 3291 680 3373 potentiam
696 3312 785 3357 suam
808 3293 848 3357 ad
862 3293 921 3356 Dei
936 3296 1149 3376 contemptum
1165 3297 1196 3357 et
1215 3293 1413 3375 apostolicam
1428 3294 1560 3374 temptet

379 3376 543 3441 extendere
571 3379 806 3453 contumeliam
841 3379 955 3455 sciens,
982 3379 1128 3460 quoniam
1158 3379 1297 3462 superbis
1319 3378 1405 3442 Deus
1433 3377 1559 3453 resistit,

379 3462 549 3526 humilibus
572 3466 678 3527 autem
700 3465 754 3529 dat
776 3464 917 3546 gratiam
972 3463 1137 3528 Praeterea
1166 3463 1309 3528 misimus
1339 3463 1377 3528 ad
1400 3483 1473 3528 eum
1494 3466 1558 3527 tres

379 3547 536 3629 religiosos
559 3566 654 3627 veros,
688 3569 760 3614 suos
783 3550 892 3631 utique
913 3549 1028 3628 fideles,
1061 3569 1117 3632 per
1147 3569 1319 3631 quoscum
1348 3552 1464 3614 secreto
1492 3569 1559 3613 mo·

378 3633 521 3696 unimus:
545 3635 582 3696 ut
603 3636 824 3716 poenitentium
839 3639 945 3716 ageret
967 3636 1005 3699 de
1025 3636 1192 3700 sceleribus
1208 3636 1272 3699 suis
1285 3654 1418 3716 —quac
1433 3635 1559 3717 quidem

379 3718 532 3783 horrenda
553 3718 637 3782 dicta
660 3725 743 3797 sunt,
776 3721 917 3803 pluribus
940 3725 1046 3785 autem
1066 3724 1140 3785 nota
1169 3725 1201 3784 et
1221 3721 1254 3784 in
1282 3721 1391 3785 multis
1419 3721 1559 3804 partibus

380 3804 545 3885 divulgata,
567 3810 693 3890 propter
715 3826 794 3890 quae
817 3827 888 3871 eum
910 3826 972 3871 non
996 3807 1253 3871 excommunicari
1274 3805 1376 3871 solum
1398 3825 1498 3888 usque
1520 3805 1559 3869 ad

380 3889 564 3970 condignam
587 3893 835 3969 satisfactionem,
869 3893 924 3956 sed
946 3894 985 3956 ab
1007 3892 1091 3957 omni
1113 3892 1227 3957 honore
1256 3892 1343 3973 regui
1366 3893 1483 3972 absque
1505 3909 1559 3974 spe

379 3975 620 4057 recuperationis
642 3979 753 4044 debere
782 3977 918 4055 destitui,
951 3978 1125 4042 divinarum
1159 3981 1190 4041 et
1218 3979 1427 4042 humanarum
1454 3977 1560 4058 legum

381 4063 517 4124 testatur
538 4065 570 4124 et
590 4061 676 4129 iubet
698 4064 865 4129 aucteritas
886 4086 943 4138 -3
975 4067 1140 4148 postremo,
1162 4064 1222 4127 nisi
1244 4063 1561 4128 excommunicatosa

381 4164 438 4210 sua
469 4146 702 4230 participatione
728 4149 886 4225 divideret,
921 4169 977 4214 nos
998 4149 1076 4214 nihil
1103 4149 1186 4214 aliud
1220 4149 1258 4214 de
1281 4169 1316 4214 eo
1348 4147 1483 4211 iudicare
1506 4151 1561 4211 aut

470 4343 494 4400 a)
513 4337 590 4391 Perta
607 4338 753 4392 emendiert
770 4337 974 4391 institutionem.

472 4408 496 4473 *l
514 4407 540 4463 S.
560 4407 607 4462 Nr.
618 4407 677 4462 VII.
