3617 5284
376 505 440 570 124

373 715 506 800 llllll.
530 710 1552 816 11111111111111111111111111111111811111111111).*)

449 886 587 954 [Ragewin
596 885 642 952 IV,
653 901 675 941 c.
686 890 714 939 3:
734 886 785 939 His
797 887 918 940 omnibus
926 902 985 939 cam
997 886 1145 956 frequentia
1156 885 1283 938 laicorum
1293 883 1449 954 principum,
1459 883 1553 936 ducum

374 958 510 1023 videlieet,
536 956 732 1023 marchionum,
758 958 896 1023 comitum,
920 960 948 1010 et
966 957 1145 1010 universarum
1163 956 1191 1009 in
1209 955 1290 1008 ltalia
1306 955 1445 1009 civitatum
1464 971 1555 1007 oonsu-

374 1028 444 1081 libus
462 1031 543 1096 atque
560 1026 693 1080 iudicibus
710 1026 872 1081 Friderioum
891 1028 1138 1090 circumstantibus,
1158 1027 1221 1080 solis
1240 1026 1368 1095 episeopis
1387 1041 1446 1078 cum
1464 1024 1555 1094 paucis

374 1098 515 1152 admodum
538 1097 701 1167 principibus
727 1099 848 1167 [secreta]
874 1097 977 1152 consilii
1003 1098 1044 1152 sui
1071 1097 1246 1168 participibus
1269 1096 1399 1165 iniungit,
1427 1095 1552 1166 quatinus

376 1169 457 1222 divini
484 1167 587 1222 timoris
611 1166 821 1222 consideratione
843 1169 876 1222 de
899 1169 1000 1222 salubri
1018 1169 1126 1222 consilio
1144 1168 1172 1221 in
1191 1167 1286 1221 Italiae
1303 1168 1382 1220 rebus
1400 1165 1553 1219 ordinandis

374 1239 414 1292 ita
431 1255 520 1291 secum
538 1238 692 1304 deliberent,
710 1241 743 1291 ut
760 1239 900 1292 aecclesiae
919 1239 968 1292 Dei
987 1240 1059 1308 pacis
1079 1238 1274 1308 tranquillitatis
1292 1237 1442 1306 gaudeant,
1468 1239 1496 1290 et
1512 1236 1553 1289 ius

372 1309 461 1377 regale
475 1309 605 1378 decusque
621 1309 724 1378 imperii
740 1309 829 1363 debito
848 1309 1007 1380 provehatur
1025 1310 1128 1363 honore.
1162 1309 1257 1362 Totum
1275 1308 1394 1361 triduum
1412 1307 1479 1360 haec
1496 1323 1553 1360 eon·

373 1380 483 1433 saltatio
511 1379 666 1449 absumpsit.
702 1379 898 1448 (Verberatung
920 1397 977 1433 vom
1005 1385 1115 1436 11-14.
1133 1378 1212 1445 Nor.)
1252 1378 1354 1444 Quarta
1378 1379 1483 1432 demum
1511 1377 1552 1431 die

373 1454 430 1515 (lo.
449 1450 528 1517 Nor.)
547 1450 729 1504 serenissimus
747 1451 890 1520 imperator
907 1451 935 1504 in
954 1452 1103 1504 concionem
1123 1449 1206 1514 venit,
1231 1450 1376 1520 sedensque
1393 1449 1422 1502 in
1440 1448 1552 1502 eminen-

375 1521 437 1574 tiori
461 1521 555 1589 [loco],
582 1521 651 1574 unde
675 1522 709 1574 ab
737 1521 858 1574 omnibus
876 1521 960 1574 videri
978 1525 1083 1591 poterat
1101 1523 1129 1574 et
1146 1520 1250 1586 audiri,
1268 1519 1475 1574 circumsedente
1493 1535 1552 1572 eum

373 1606 467 1645 corona
485 1591 690 1645 venerandorum
709 1609 774 1662 quoa
788 1592 1026 1662 prenominavimus
1046 1591 1162 1656 heroum,
1181 1608 1228 1673 per
1246 1591 1416 1662 interpretem
1435 1589 1553 1644 elocutus

373 1665 426 1714 est:
451 1679 472 1716 c.
492 1666 507 1715 4
529 1704 553 1728 ,,.
573 1703 605 1716 ..
652 1661 708 1715 Nos
727 1663 826 1730 regium
851 1679 945 1716 nomen
969 1661 1111 1729 habentes,
1136 1661 1314 1715 desideramus
1338 1661 1427 1731 potins
1449 1659 1554 1729 legit-

373 1732 495 1785 timum
518 1735 607 1786 tenere
631 1731 767 1802 imperium
793 1737 821 1786 et
842 1750 889 1802 pro
914 1733 1093 1786 conservanda
1117 1733 1209 1802 cuique
1233 1749 1281 1785 sua
1308 1732 1432 1785 libertate
1450 1734 1478 1784 et
1495 1731 1551 1784 iure

373 1802 442 1870 (Vgl.
463 1802 526 1857 Ced.
543 1802 614 1856 Just
632 1802 655 1868 Ι,
677 1807 717 1869 ll,
735 1803 772 1871 4),
790 1820 878 1873 quam,
897 1808 928 1856 ut
946 1803 1043 1857 dicitur
1062 1803 1138 1872 (Sall.
1148 1802 1211 1870 Jug.
1226 1819 1249 1857 e.
1260 1803 1315 1871 31),
1335 1802 1423 1856 omnia
1441 1802 1547 1870 impuno

372 1873 472 1927 lacere.
493 1910 500 1924 .
520 1913 527 1925 .
557 1871 626 1937 Quia
643 1889 704 1941 ergo
723 1875 763 1927 vel
782 1873 851 1928 bello
869 1874 910 1927 vel
927 1891 991 1945 paee
1009 1874 1109 1927 clarum
1126 1873 1183 1926 fien'
1201 1873 1271 1937 lieet
1291 1889 1339 1926 neo
1356 1873 1443 1938 refert,
1463 1875 1550 1924 utrum

373 1943 467 1996 melius
485 1942 523 1996 sit
574 1942 653 1996 triam
672 1944 753 1997 armis
770 1947 859 1997 tutare
878 1961 924 1998 seu
941 1944 1045 2012 legibus
1056 1944 1211 2012 gubernare,
1231 1944 1315 1996 altero
1334 1942 1442 1996 alterius
1456 1942 1551 1995 auxilie

373 2012 512 2081 indigente
538 2017 548 2082 l
572 2013 609 2081 gl.
629 2012 692 2068 Sall
721 2013 779 2068 Cat.
799 2032 820 2068 c.
841 2019 865 2080 2,
892 2020 908 2068 3
934 2031 959 2069 u.
987 2013 1181 2080 institutiones,
1209 2013 1394 2079 Prooemium),
1422 2011 1549 2067 bellorum

373 2084 490 2137 motibus
501 2083 616 2154 propitia
627 2084 774 2138 Divinitate
786 2084 894 2150 sedatis,
915 2085 1028 2152 seleges
1041 2083 1113 2154 pacis
1124 2084 1232 2153 negotia
1244 2083 1441 2138 transferamus.
1460 2083 1552 2136 Nostis

372 2156 470 2221 antam,
490 2153 560 2224 quod
578 2154 654 2207 iura
671 2154 791 2208 civilia
808 2155 907 2208 nostris
919 2155 1052 2209 beneficiis
1064 2154 1092 2208 in
1110 2171 1240 2208 summum
1253 2156 1383 2224 provecta,
1403 2153 1510 2206 firmata
1523 2169 1553 2206 ae

371 2224 487 2278 moribus
495 2223 627 2278 utentium
634 2227 780 2294 approbata
790 2225 857 2278 salis
869 2226 970 2279 habent
981 2225 1089 2290 roboris,
1102 2241 1279 2294 regnorum
1292 2224 1366 2292 lego
1374 2241 1400 2284 s,
1413 2223 1552 2293 inquibus,

373 2295 443 2365 quod
455 2297 516 2348 ante
531 2295 676 2360 obtinebat,
686 2299 780 2365 postea
793 2296 965 2350 desuetudine
981 2296 1161 2348 inumbratum
1171 2299 1220 2360 est,
1239 2296 1272 2348 ab
1291 2294 1421 2364 imperiali
1439 2294 1552 2348 remedio

378 2382 422 2418 ves
484 2382 516 2418 ue
551 2365 676 2420 rudentis
699 2383 804 2419 neeesse
826 2366 927 2420 babent
951 2366 1095 2419 illuminari
1122 2365 1325 2434 (institutiones,
1343 2365 1472 2428 Prooeml
1485 2405 1493 2417 .
1508 2407 1513 2417 .
1528 2367 1551 2418 .“

373 2453 394 2489 c.
409 2442 433 2490 5.
493 2436 514 2488 's
527 2383 614 2501 (111111,
632 2453 745 2504 mumius
756 2438 828 2490 lavor
840 2437 956 2490 omnium
968 2435 1150 2506 prosequitur.
1162 2479 1168 2491 .
1180 2479 1186 2490 .
1206 2435 1400 2505 Surgentesque
1412 2451 1480 2488 arnus
1493 2439 1552 2506 post

373 2523 462 2572 unum,
481 2506 574 2560 sicut
595 2507 668 2559 eius
686 2507 802 2575 gentis
819 2524 889 2560 mos
914 2511 982 2570 est,
1001 2524 1046 2560 seu
1067 2510 1098 2560 ut
1116 2506 1228 2588 principi
1248 2523 1323 2558 saum
1342 2505 1452 2588 quisque
1470 2505 1553 2558 mani·

373 2577 485 2630 lestaret
502 2577 624 2630 affectum
638 2580 666 2631 et
677 2578 869 2647 propensiorem
882 2578 1023 2632 circaeam
1037 2578 1207 2642 deuotronem,
1226 2593 1271 2630 seu
1282 2580 1313 2630 ut
1321 2593 1396 2629 suam
1405 2594 1432 2629 111
1443 2575 1551 2630 dicendo

373 2647 504 2716 peritiam,
542 2664 576 2700 ua
587 2648 695 2716 gloriari
708 2649 802 2714 solent,
816 2648 970 2715 declararet,
988 2649 1072 2718 primo
1084 2648 1207 2718 episcopi,
1221 2645 1315 2700 deinde
1327 2663 1445 2718 proceres
1457 2650 1549 2714 terrae,

375 2720 436 2786 post
453 2665 572 2771 1111111111
590 2722 619 2771 et
635 2719 710 2772 missi
734 2719 898 2786 singularum
917 2720 1055 2772 civitatum
1074 2721 1158 2772 totam
1178 2719 1247 2772 diem
1266 2717 1339 2772 illam
1357 2717 1552 2771 facundissimis

372 2788 535 2841 sermonibus
553 2788 583 2841 in
601 2793 705 2841 noctem
723 2805 806 2858 usque
824 2789 1010 2860 produxerunt.
1037 2790 1116 2842 Porro
1136 2806 1187 2842 arua
1206 2789 1320 2842 omnium
1340 2788 1472 2841 sententia
1489 2788 1554 2842 hacc

370 2862 437 2923 erat,
461 2875 478 2911 a
497 2857 687 2912 Mediolanensi
712 2860 906 2930 archiepiscopo
927 2861 1044 2930 prolata:
1068 2902 1099 2914 ..
1120 2901 1125 2914 .
1164 2859 1256 2925 „Scias
1274 2858 1364 2928 itaque
1383 2875 1471 2912 omne
1501 2858 1553 2912 ius

372 2928 490 2998 populi
509 2928 541 2981 in
561 2928 750 2983 condendis
768 2930 907 2997 legibus
925 2931 991 2984 tibi
1009 2947 1213 2984 coracessum.
1240 2929 1486 2982 Tuaroluntasius
1504 2933 1553 2994 est,

374 2999 445 3052 sicut
462 2999 646 3064 dicitur(Inst
660 3000 681 3066 Ι,
701 3004 726 3065 2,
746 3000 788 3069 6);
808 3001 892 3067 ,Quod
911 3000 1022 3082 principi
1041 3001 1149 3071 placuit,
1168 3001 1235 3068 legis
1254 3000 1335 3053 habot
1353 2999 1477 3067 vigorem,
1496 3017 1552 3052 cum

373 3069 484 3139 populns
506 3068 531 3122 ei
549 3073 577 3122 et
594 3069 623 3123 in
641 3087 700 3123 eum
719 3088 794 3124 omne
812 3087 888 3124 suum
916 3071 1062 3140 impermm'
1073 3075 1100 3124 et
1118 3074 1277 3141 potestatam
1295 3071 1431 3125 concessit.
1469 3069 1554 3135 Quod·

374 3157 485 3210 cumque
507 3140 577 3194 enim
600 3141 743 3210 imperator
761 3158 807 3211 per
824 3141 962 3210 epistolam
986 3143 1154 3196 constitnerit
1175 3142 1215 3194 vel
1234 3157 1391 3208 cognoscens
1411 3141 1553 3194 decreverit

375 3211 417 3264 vel
435 3209 522 3263 edicte
541 3212 699 3280 preceperit,
717 3212 801 3279 legem
825 3229 882 3265 esse
900 3215 1021 3265 constat*
1065 3213 1183 3266 Profecto
1202 3211 1344 3265 sociandum
1363 3215 1486 3265 naturam
1505 3215 1554 3274 est,

373 3281 509 3334 commoda
527 3281 652 3351 cuiusque
671 3282 708 3336 rei
727 3299 787 3335 eum
805 3283 879 3351 sequi
897 3299 975 3352 quem
994 3285 1118 3336 secuntur
1135 3282 1298 3335 incommoda
1312 3281 1383 3351 (big.
1394 3283 1423 3347 L,
1440 3287 1481 3346 17,
1502 3283 1552 3350 10),

373 3354 404 3404 ut
424 3351 548 3406 videlieet
569 3353 688 3406 omnibus
714 3352 810 3406 debeas
834 3353 971 3434 imperare,
995 3353 1039 3423 qui
1059 3353 1174 3406 omnium
1192 3356 1311 3406 nostrum
1336 3353 1451 3406 sustines
1476 3370 1554 3406 onera

372 3422 498 3475 tutelae.“
542 3421 594 3475 His
618 3423 718 3489 linitis,
748 3439 780 3476 ea
804 3423 846 3476 die
871 3441 899 3477 1n
926 3440 1058 3494 vesperam
1084 3427 1218 3494 protractu
1242 3423 1316 3476 cirria
1341 3423 1451 3477 solvitur
1506 3423 1553 3476 llie

374 3492 550 3560 Sohildorang
576 3493 661 3547 dieser
684 3497 771 3547 ersten
798 3493 1064 3563 Reicbstagssitzung
1088 3494 1208 3562 gewithrt
1225 3494 1299 3547 einen
1318 3493 1440 3547 Einbliclr
1458 3494 1486 3548 in
1506 3494 1553 3548 deu

374 3562 454 3632 (lang
471 3563 619 3632 derartiger
629 3564 860 3632 Verbandlungen.
885 3565 1006 3632 Wacker,
1025 3565 1079 3618 Der
1090 3563 1235 3633 Reichstag
1253 3581 1276 3620 a.
1292 3581 1315 3618 a.
1329 3563 1359 3619 Ο.
1373 3565 1400 3618 S.
1414 3569 1446 3618 ll
1461 3582 1487 3619 11.
1501 3567 1553 3633 aa]

463 3751 487 3821 *)
500 3751 561 3819 Vgl.
569 3749 663 3817 Hegel‚
677 3746 834 3802 Geschichte
847 3749 893 3802 der
903 3748 1153 3818 Sttdteverlassung
1164 3766 1187 3802 v.
1201 3749 1313 3816 Italien;
1332 3747 1433 3816 liciat,
1446 3747 1555 3802 1111111-

374 3839 461 3891 ungen
480 3838 526 3875 aur
543 3820 652 3874 11111111-
669 3836 694 3874 u.
712 3819 964 3886 Rechtsgeschiehte
982 3819 1100 3886 Italicas,
1119 3819 1279 3873 namentlich
1293 3819 1314 3885 I,
1333 3821 1428 3886 §1623
1448 3819 1553 3884 Reuter,

1334 3871 1342 3888 t

373 3893 522 3947 Alexander
531 3886 580 3945 111.
594 3891 616 3956 Ι,
628 3894 675 3956 37;
694 3891 775 3944 Prutz
786 3890 808 3955 1,
824 3895 905 3944 169-
914 3895 963 3944 183
975 3908 1000 3944 u.
1011 3891 1119 3960 Bellage
1132 3895 1162 3956 8;
1177 3889 1385 3956 GiesebrechtV,
1400 3895 1554 3954 liii-1833

373 3964 491 4018 Ribbeck
510 3980 533 4017 a.
553 3979 576 4016 a.
595 3960 626 4016 Ο.
646 3961 672 4014 S.
692 3965 726 4014 39
738 3965 811 4026 -17;
838 3959 958 4026 Arras,
977 3961 1027 4015 Die
1045 3961 1238 4015 Renkalischon
1256 3961 1414 4015 Beschlllsse
1431 3979 1455 4014 1.
1474 3960 1553 4015 Jahre

377 4039 444 4089 1158
469 4033 522 4086 und
548 4033 605 4086 ihre
628 4031 848 4099 Durchliihrung;
885 4031 1012 4096 Nitasch,
1046 4031 1139 4086 liesch.
1166 4032 1191 4085 d.
1218 4031 1242 4084 d.
1265 4032 1297 4085 V.
1327 4031 1368 4089 lI.
1400 4034 1552 4096 aee-aea

373 4105 499 4166 Pomtow,
518 4094 590 4156 liber
608 4101 657 4155 den
670 4101 785 4155 Einlluss
805 4100 850 4154 der
868 4102 1054 4156 altriimischcn
1065 4102 1265 4169 Vorstellungen
1285 4118 1342 4156 vom
1355 4101 1434 4156 Stant
1452 4103 1499 4156 auf
1513 4102 1554 4155 dio

374 4175 475 4229 Policil
487 4174 582 4227 Kaisar
593 4173 743 4226 Friedrichs
754 4173 775 4228 I.
787 4190 813 4226 u,
829 4173 871 4225 die
885 4173 1096 4242 Auschauungcu
1111 4173 1195 4226 seiuer
1206 4173 1263 4225 Zeit
1287 4173 1358 4226 Hall.
1370 4173 1442 4227 Dies.
1461 4177 1536 4236 1881)
1547 4194 1553 4229 :

374 4245 460 4311 liliclr,
497 4244 547 4297 Die
574 4243 958 4311 Landfriedeusbestrebamgen
984 4243 1078 4297 Kaiscr
1104 4243 1254 4296 Friedrichs
1288 4286 1303 4308 .,
1331 4243 1356 4298 S.
1384 4249 1498 4298 33—35.
1523 4253 1551 4282 .:

374 4347 404 4354 -
425 4315 482 4368 Von
499 4315 548 4368 den
562 4313 707 4384 Scriptores
719 4314 832 4367 lrandeln
845 4314 911 4367 liber
923 4315 1011 4368 diesen
1024 4314 1169 4382 Reiclastag
1179 4313 1313 4382 Ragonin,
1333 4313 1416 4368 Gesta
1427 4313 1498 4369 Frid.
1510 4313 1553 4375 lv,

373 4406 394 4440 a.
409 4391 493 4452 1-9;
514 4383 621 4439 Ottonis
641 4383 707 4441 Fris.
728 4385 802 4442 Ceut.
824 4383 913 4440 Saubl.
934 4401 955 4440 c.
977 4389 1023 4456 143
1043 4384 1108 4439 Otto
1126 4385 1242 4453 Merena,
1261 4385 1297 4440 11.
1318 4383 1349 4440 G.
1369 4385 1394 4443 S.
1414 4385 1440 4439 S.
1459 4384 1557 4454 XVlll,
