3617 5284
355 514 397 579 86

352 685 458 750 dicum
485 686 517 749 et
544 683 676 750 aliorum
696 703 873 768 procerum,
898 685 959 750 hac
981 683 1105 748 edictali
1127 683 1196 766 lege
1218 683 1284 748 Deo
1305 683 1439 769 propitio
1461 703 1533 768 per-

353 773 447 855 petuo
461 771 599 836 valitura
613 772 779 848 sancimus,
800 772 838 834 ut
858 771 939 834 nulli
960 771 1053 834 liceat
1073 769 1203 834 feudum
1224 771 1328 835 totum
1341 771 1391 835 vel
1411 774 1533 854 partem

357 858 496 939 aliquam
516 855 649 921 rendere
672 858 722 922 vel
743 857 952 940 impignorare
974 856 1024 920 vel
1046 874 1169 938 quoquo
1191 855 1283 920 modo
1304 857 1447 933 alienare,
1470 855 1535 920 sine

356 944 560 1028 permissione
586 942 671 1006 illius
698 943 815 1008 domini
846 943 885 1007 sd
917 961 1012 1026 quern
1039 941 1168 1006 feudum
1194 943 1333 1025 spectare
1355 942 1535 1007 dinoscitur.

356 1028 449 1096 Unde
464 1030 633 1112 imperator
646 1028 791 1094 Lotan'us
806 1033 931 1093 tantum
946 1030 980 1092 in
993 1027 1100 1092 futuro
1115 1045 1234 1105 cavens,
1256 1046 1296 1091 ne
1317 1027 1414 1106 fieret,
1434 1028 1536 1111 legem

355 1114 573 1200 promulgavit
623 1113 689 1178 Nos
719 1119 824 1179 autem
855 1114 895 1177 ad
924 1113 1094 1198 pleniorem
1121 1113 1209 1196 regni
1237 1113 1406 1178 utilitatem
1434 1115 1535 1198 prori-

355 1201 478 1277 dentes,
500 1220 563 1264 non
585 1200 687 1264 solum
709 1201 742 1264 in
763 1204 925 1283 posterum
947 1199 1002 1264 sed
1025 1198 1119 1264 etiam
1141 1217 1248 1264 omnes
1271 1199 1450 1265 huiusmodi
1472 1199 1533 1264 illi·

354 1287 431 1351 citas
468 1284 670 1351 alienationes
703 1286 854 1350 haetenus
886 1288 1082 1370 perpetratas
1115 1285 1174 1350 hao
1203 1285 1340 1368 presenti
1375 1286 1531 1350 sanatione

354 1391 514 1437 cassamus
543 1374 575 1436 et
602 1371 635 1435 in
654 1371 779 1436 irritum
800 1370 1002 1448 deducimus,
1032 1371 1119 1435 nulla
1140 1371 1288 1455 temporis
1310 1371 1531 1455 prescriptione

354 1458 557 1542 impediente;
582 1457 656 1539 quia
678 1457 760 1539 quod
783 1458 822 1522 ab
842 1457 932 1522 initio
955 1456 993 1522 do
1014 1455 1082 1521 iure
1104 1475 1166 1522 non
1184 1457 1296 1534 valuit,
1325 1461 1429 1523 tractu
1453 1463 1533 1522 tem·

354 1543 437 1627 poris
452 1543 663 1608 convalescere
678 1563 740 1608 non
763 1543 862 1608 debet
899 1541 1027 1609 Callidis
1050 1543 1176 1626 insuper
1199 1543 1395 1625 quorundam
1419 1544 1534 1608 machi-

354 1629 530 1694 nationibus
551 1629 719 1705 obviantes,
741 1631 796 1712 qui
817 1629 916 1712 pretio
940 1633 1064 1712 accepto
1087 1629 1177 1711 quasi
1199 1629 1258 1693 sub
1280 1629 1380 1694 colore
1402 1629 1527 1693 inresti-

353 1716 423 1779 ture
438 1733 533 1797 quam
548 1713 606 1778 sibi
620 1714 713 1778 licere
728 1713 843 1791 dicunt,
865 1713 959 1779 feuda
973 1712 1113 1778 vendunt
1127 1715 1159 1778 et
1174 1714 1213 1778 sd
1228 1713 1304 1779 alios
1327 1713 1526 1792 transferunt,

352 1820 404 1870 ne,
419 1801 481 1864 tale
508 1799 694 1882 figmentum
729 1801 777 1864 vel
806 1799 891 1864 aliud
919 1799 1051 1864 ulterius
1078 1800 1112 1863 in
1139 1798 1281 1864 fraudem
1303 1800 1398 1866 huius
1421 1806 1523 1865 nostre

353 1885 581 1952 constitutionis
603 1887 809 1967 excogitetm,
831 1885 975 1951 omnibus
998 1884 1098 1950 modis
1120 1885 1339 1968 prohibemus,
1360 1903 1442 1971 pena
1464 1905 1535 1950 auo·

354 1972 480 2036 toritate
501 1975 610 2036 nostra
629 1971 820 2047 imminente,
842 1974 880 2036 ut
899 1971 1043 2037 venditor
1064 1973 1096 2035 et
1119 1972 1241 2054 emptor
1263 1971 1317 2054 qui
1339 1974 1406 2036 tam
1429 1972 1534 2036 illicite

353 2057 542 2122 contraxisse
574 2057 689 2141 reperti
721 2057 855 2134 fuerint,
887 2057 1016 2122 feudum
1046 2056 1207 2133 emittant,
1241 2061 1273 2121 et
1302 2057 1342 2122 ad
1372 2057 1532 2122 dominum

353 2143 450 2208 libore
472 2145 653 2208 revertatur.
698 2141 806 2208 Scriba
825 2162 897 2208 vero
922 2143 976 2226 qui
998 2161 1093 2226 super
1115 2143 1173 2207 hoc
1195 2141 1444 2208 instrumentum
1467 2164 1538 2228 con·¹

357 2229 523 2312 scripserit
552 2231 623 2312 post
652 2229 852 2293 amissionem
883 2229 974 2294 officii
1004 2248 1076 2293 cum
1098 2229 1226 2294 infamia
1248 2230 1386 2312 periculo
1407 2248 1536 2294 manum

358 2315 491 2379 amittat.
534 2313 682 2379 Pretcrea
709 2315 736 2378 si
759 2315 829 2397 quis
852 2314 1034 2378 infeudatus
1057 2333 1115 2379 sua
1135 2314 1255 2379 incuria
1276 2316 1326 2379 vel
1346 2316 1537 2398 negligentia

356 2419 412 2484 por
441 2419 560 2464 annum
588 2402 620 2464 et
649 2398 733 2464 diem
760 2399 883 2465 steterit
913 2401 996 2483 quod
1024 2400 1108 2465 feudi
1136 2401 1354 2465 investituram
1377 2419 1395 2465 a
1415 2401 1537 2486 proprio

357 2486 484 2552 domino
506 2505 569 2552 uon
590 2485 723 2569 petierit,
745 2487 903 2550 transacto
925 2487 984 2551 hoo
1005 2487 1106 2570 spatio
1128 2485 1258 2550 lendum
1279 2487 1421 2565 amittat,
1444 2491 1476 2551 et
1498 2488 1535 2551 ad

356 2573 517 2638 dominum
533 2570 857 2637 redeateirmiter
872 2573 995 2637 etiam
1017 2573 1239 2636 statuimus
1261 2573 1339 2636 tam
1361 2573 1538 2638 inItalia

356 2677 472 2742 quam
501 2659 541 2722 in
569 2658 820 2735 Alamannia,
854 2661 900 2722 ut
933 2659 1159 2741 quicunque
1191 2657 1352 2724 indicta
1378 2660 1538 2743 publice

354 2743 611 2828 expeditione
650 2745 824 2808 Romana
863 2744 909 2808 ad
947 2743 1245 2827 suscipiendam
1278 2744 1438 2828 imperii
1479 2764 1538 2809 co-

354 2849 499 2908 ronam,
526 2833 694 2895 vocatus
723 2849 742 2894 a
771 2829 934 2895 domino
961 2849 1030 2894 suo
1057 2832 1096 2895 in
1126 2830 1257 2894 eadem
1287 2830 1537 2914 expeditione

353 2918 485 3000 spatio
508 2917 758 2999 competenti
780 2917 931 2980 temere
954 2917 1106 2981 servire
1129 2914 1432 3000 supersederit,
1453 2917 1535 2980 feu·

354 3003 445 3067 dum
475 3001 579 3084 quod
608 3003 655 3066 ab
683 3001 868 3085 episcopo
897 3002 962 3066 vel
991 3003 1037 3066 ab
1067 3002 1146 3066 alio
1169 3001 1327 3067 domino
1349 3003 1538 3067 habuerit

356 3090 536 3166 amittat,
568 3091 606 3152 et
638 3087 822 3153 dominus
851 3087 961 3152 feudi
995 3087 1034 3151 in
1065 3108 1161 3153 usus
1187 3107 1276 3153 suos
1304 3088 1406 3153 illud
1434 3087 1537 3152 redi-

357 3175 480 3258 gendi
503 3173 739 3239 omnimodis
759 3174 929 3238 liberam
949 3174 1093 3240 habeat
1114 3175 1363 3240 facultatem.

448 3259 531 3324 Data
558 3260 729 3324 Runcaliae
758 3279 812 3343 per
839 3279 969 3324 manum
993 3260 1141 3326 Everardi
1164 3260 1431 3342 Bavenbergensis
1460 3261 1538 3346 epis-

359 3347 426 3431 copi
449 3349 478 3410 5.
501 3345 551 3410 die
573 3344 754 3410 Decembris
779 3347 870 3409 1154
893 3346 1000 3411 indict
1023 3347 1053 3411 3.

849 3549 932 3557 ———-—
942 3552 961 3556 .-
1002 3550 1056 3556 ---

424 3675 520 3761 1111.
549 3675 736 3762 doustitntio
762 3675 897 3762 lucatm
921 3675 1078 3776 lustriae,
1105 3675 1149 3762 ll.
1178 3676 1358 3784 deplentur
1384 3677 1465 3765 tte

447 3818 523 3889 [Otto
541 3817 609 3874 Fris.
629 3818 713 3874 Gesta
730 3818 770 3886 Π,
793 3837 815 3874 c.
836 3825 884 3874 (δι
913 3819 1054 3874 Heinrious
1072 3821 1155 3874 maior
1172 3824 1238 3874 natu
1257 3793 1382 3876 ducatum
1400 3822 1538 3878 Baioarise

360 3893 486 3960 septem
509 3907 568 3961 per
594 3889 727 3972 vexilla
750 3890 787 3943 im
807 3890 1079 3972 ¹taturi-resignavit.
1117 3890 1218 3957 Quibus
1235 3892 1330 3946 minori
1347 3893 1470 3962 traditis,
1495 3893 1539 3948 ille

360 3961 461 4015 duobus
484 3962 566 4043 [cnm]
592 3961 695 4042 rexrllrs
713 3977 787 4043 marc
814 3977 856 4015 am
875 3959 1037 4044 Oneutalam
1055 3979 1127 4044 cunr
1152 3963 1382 4018 eomitatibus
1405 3964 1444 4018 sd
1468 3981 1537 4019 eam

356 4049 396 4087 cx
419 4035 563 4114 autpquo
585 4033 857 4114 pertruantrbus
880 4031 1006 4114 reddidit
1042 4031 1143 4114 Exinde
1168 4033 1200 4115 de
1223 4033 1314 4088 eadem
1339 4035 1457 4089 marchia
1480 4052 1537 4088 cum

357 4102 501 4229 praedictrs
525 4104 709 4169 comrtatrbus‚
735 4119 821 4174 quos
843 4106 915 4156 tras
939 4102 1099 4170 drennt,*)
1121 4104 1219 4158 rudrcro
1240 4104 1388 4176 principum
1414 4105 1537 4160 ducatrm

368 4179 421 4229 ecrt
442 4189 553 4243 cumque
575 4191 626 4228 uon
650 4174 734 4227 solnm
753 4173 820 4239 sibi,
844 4173 892 4227 sed
910 4177 942 4227 et
966 4174 1060 4228 uxori
1083 4191 1143 4228 cum
1167 4173 1297 4230 duobus
1321 4175 1465 4230 vexillis
1484 4180 1538 4230 tra·

449 4333 473 4396 *l
491 4331 569 4387 Naeh
586 4332 682 4402 Heigcl
700 4349 725 4387 u.
744 4332 862 4396 Eleates,
880 4331 936 4385 Das
954 4331 1115 4400 Herzoglum
1133 4333 1237 4402 Bryam
1257 4351 1302 4388 zur
1320 4335 1379 4390 Zait
1395 4334 1535 4390 Heinrichs

360 4404 385 4459 d.
403 4403 433 4458 L
452 4420 477 4458 n.
491 4402 603 4458 Ottosl„
623 4403 648 4458 S.
663 4407 786 4458 217-25
803 4420 829 4457 u.
841 4402 953 4470 Eiectat,
973 4401 1131 4458 Gesehiohte
1148 4405 1266 4474 Bayems
1277 4405 1299 4470 I,
1319 4409 1370 4460 663
1389 4405 1450 4460 sind
1469 4407 1538 4461 diese

361 4474 415 4529 drei
436 4471 633 4528 Grafschuiten:
652 4473 849 4542 Sehauenburg,
867 4472 1092 4541 Wcls-Lambaeh,
1111 4474 1346 4544 Peugeu-Robgau.
