3617 5284
1391 567 1431 630 61

251 737 373 802 firmato
401 737 517 802 mentis
544 737 715 821 proposito,
744 739 795 815 ut,
825 738 864 802 ad
887 755 994 804 omnes
1015 737 1103 820 regni
1124 737 1212 803 nobis
1235 755 1254 802 a
1274 737 1340 802 Deo
1362 757 1434 803 ecn-

252 824 330 888 eessi
358 826 466 922 partes
494 823 624 888 celerius
653 823 888 889 accedentest
856 828 888 889 et
908 843 983 908 paee
1005 842 1061 920 per
1082 823 1141 888 Dei
1164 823 1295 905 gratiam
1318 824 1433 906 ubique

250 909 389 986 firmata,
418 909 463 974 sic
492 910 531 973 ad
551 910 671 975 Urbem
701 913 733 974 et
761 910 801 974 ad
829 930 884 976 vos
912 909 1071 994 pervenire
1099 909 1326 986 valeamus,u
1326 913 1431 975 ttam

251 996 328 1060 hene
356 996 548 1059 merentibus
576 995 695 1093 premia
724 1015 819 1077 qnam
848 997 1013 1061 rebellibus
1035 1013 1168 1078 poenam
1189 995 1357 1079 rependere
1380 995 1433 1060 de-

250 1082 387 1146 beamus
424 1078 479 1145 Ad
512 1082 606 1146 huius
638 1081 684 1145 rei
716 1082 891 1147 evidentem
919 1081 1065 1147 noticiam
1092 1083 1187 1163 atque
1215 1081 1290 1146 certi
1292 1081 1431 1146 tudinem

252 1166 424 1232 faciendam
448 1167 616 1232 direximus
637 1171 763 1265 present
764 1187 797 1232 es
819 1169 938 1251 legatos
959 1169 1094 1244 nostros,
1122 1167 1203 1232 viros
1232 1167 1340 1249 utique
1362 1167 1433 1232 illu-

251 1256 329 1317 stres
358 1273 395 1318 ac
422 1253 510 1318 nobis
539 1253 621 1317 inter
641 1253 793 1337 principes
815 1257 937 1319 nostros
959 1253 1232 1330 familiarissimos,
1260 1253 1432 1318 Amoldum

251 1338 392 1404 videlieet
412 1339 603 1404 coloniensis
638 1339 802 1404 aecclesiae
828 1339 1035 1405 venerabilem
1063 1338 1338 1422 archiepiscopum,
1366 1339 1433 1403 Wi-

253 1425 378 1489 boldum
403 1425 622 1489 Stabulensem
652 1429 683 1490 et
706 1425 923 1491 Corbeiensem
945 1426 1103 1501 abbatem,
1124 1425 1306 1489 Heinricnm
1329 1425 1431 1490 curiae

250 1515 374 1576 nostrae
395 1511 568 1588 notarium,
597 1510 635 1574 ad
663 1511 868 1576 reverendum
889 1514 1011 1595 patrem
1032 1514 1174 1576 ιιοιιιιιιιι
1195 1529 1308 1594 papam
1330 1512 1432 1592 lluge-

250 1597 338 1661 nium
370 1599 403 1660 et
434 1595 474 1660 ad
506 1598 615 1661 urbem
642 1597 776 1661 Romam
802 1617 860 1662 nec
886 1617 949 1662 non
977 1598 1016 1661 ad
1046 1599 1164 1662 ceteras
1194 1597 1286 1661 urbes
1314 1596 1431 1662 Italiae.

252 1681 337 1761 Quos
352 1683 512 1746 venientes
535 1683 574 1746 ad
597 1683 706 1746 urbem
721 1686 868 1761 restrum,
890 1702 970 1765 quae
993 1701 1117 1766 semper
1131 1684 1169 1747 ab
1191 1681 1281 1747 inicio
1303 1683 1334 1746 in
1356 1701 1431 1766 pace

251 1772 283 1832 et
309 1769 342 1832 in
369 1769 451 1832 bello
480 1771 564 1832 terra
590 1769 731 1851 marique
760 1769 881 1853 imperii
902 1769 1037 1834 Romani
1065 1769 1224 1833 consuerit
1245 1787 1312 1833 esse
1334 1769 1432 1833 domi-

255 1855 370 1932 cilium,
391 1853 564 1930 honorifice,
586 1857 622 1918 ut
636 1858 740 1920 restra
753 1855 889 1938 probitas
911 1855 1077 1932 consuevit,
1101 1853 1290 1937 suscipiatis:
1313 1856 1345 1918 et
1366 1858 1431 1918 tam

254 1941 293 2005 de
324 1940 463 2004 militnm
497 1959 592 2023 quam
625 1940 662 2004 de
694 1941 821 2005 navium
853 1961 999 2017 numero,
1032 1959 1110 2024 quas
1142 1940 1175 2004 in
1208 1939 1432 2023 expeditionem

253 2026 376 2091 Siciliae
391 2026 430 2090 ob
449 2029 635 2109 perpetuum
657 2026 753 2091 felicis
774 2025 1032 2092 remunerationis
1046 2026 1221 2091 mercedem
1243 2026 1431 2103 exhibebitis,

251 2131 307 2195 per
329 2113 455 2176 illorum
476 2112 622 2176 noticiam
643 2130 700 2176 nos
722 2115 822 2177 certos
845 2112 992 2178 efficiatis.
1036 2111 1131 2177 Porro
1154 2111 1191 2176 de
1213 2111 1319 2188 verbo,
1349 2112 1432 2193 qnod

251 2197 290 2262 de
320 2197 515 2262 inimieorum
544 2201 719 2263 vestrorum
748 2199 937 2282 sempitama
964 2197 1177 2263 humiliatione
1202 2197 1290 2261 nobis
1311 2216 1367 2280 per
1388 2198 1432 2262 le·

252 2286 340 2365 gatos
368 2285 504 2360 nostros,
535 2284 651 2348 scilicet
673 2283 942 2349 Constantiensem
973 2285 1004 2349 et
1031 2282 1236 2348 Basiliensem
1267 2283 1432 2366 episcopos,

251 2372 345 2452 atque
372 2370 583 2435 marchionem
613 2369 651 2434 de
679 2370 902 2435 Monteiarrato
934 2369 1148 2453 suggessistis,
1179 2387 1285 2453 preces
1312 2373 1431 2434 sesnes

254 2457 437 2522 exauditas
447 2473 515 2520 esse
549 2455 663 2520 sciatis
707 2455 749 2520 lit
781 2456 928 2538 quiequid
962 2474 1055 2539 super
1086 2455 1144 2519 hoc
1170 2455 1299 2538 predicti
1325 2456 1431 2519 nuncii

248 2543 346 2606 nostri
367 2541 455 2606 vobis
476 2522 824 2619 commandatum
854 2561 922 2607 csse
945 2542 1087 2607 observat
1088 2559 1159 2606 uros
1181 2559 1243 2604 non
1265 2540 1429 2616 dubitetis3

253 2628 401 2706 scientes,
434 2627 558 2708 quod
549 2627 682 2692 mimicis
713 2628 864 2692 vestris
855 2627 972 2693 mimici
1005 2645 1115 2692 snmus
1147 2629 1179 2692 et
1164 2625 1345 2691 todientes
1373 2646 1427 2693 vos

251 2714 434 2797 affligemus.

734 2855 943 2864 -.-—-.—-.-

250 2956 350 3043 lllll.
383 2955 419 3058 bl
443 2958 608 3045 lclreiber
632 2959 691 3045 ιιι
710 2958 847 3045 lliballs
869 2981 898 3044 ι.
921 2958 1027 3045 Stablo
1053 2981 1093 3044 ιι
1124 2957 1235 3045 Ιιιιιιι
1258 2957 1379 3045 11ιιιιΙ
1406 2957 1431 3044 Ι.

307 3075 385 3160 iter
409 3075 459 3160 dic
484 3075 749 3180 lorbercitnrger
778 3098 847 3161 uun
872 3075 1077 3180 lidenige,
1103 3075 1238 3161 tltobcr
1264 3075 1379 3188 litis)

441 3204 570 3274 (Wibaldi
587 3223 645 3277 epp.
664 3223 705 3262 nr.
723 3211 791 3261 343:
808 3205 886 3272 Just,
904 3205 1071 3260 Bibliotheca
1088 3203 1110 3272 I,
1129 3204 1236 3268 47511.)

335 3319 445 3384 Inclita
474 3321 692 3403 triumphatori
722 3339 758 3384 ac
783 3320 981 3385 serenissimo
1008 3319 1207 3397 dominatori,
1237 3321 1369 3402 glorioso
1392 3339 1429 3384 ac

250 3405 445 3471 sanctissimo
475 3406 653 3489 imperatori
677 3406 846 3471 Grecornm
874 3409 905 3471 et
926 3405 1096 3472 Romaniae
1118 3405 1273 3483 Manueli,
1301 3407 1428 3481 excelso,

249 3490 388 3567 sublimi,
417 3492 685 3575 Porphirogenitc,
713 3491 876 3557 Wiholdus
904 3491 964 3556 Dei
992 3491 1092 3574 gratia
1118 3491 1250 3556 duorum
1279 3492 1428 3556 nobilium

248 3576 508 3642 monasteriorum
538 3579 647 3655 abbas,
678 3578 871 3644 Stabulensis
901 3577 1018 3642 scilicet
1039 3581 1071 3642 et
1092 3576 1253 3654 corbeiae,
1283 3578 1428 3643 devotum

249 3664 281 3726 et
317 3665 504 3746 perpetuum
541 3663 575 3727 in
607 3664 740 3729 Domino
778 3663 967 3729 famulatum
1007 3666 1038 3728 et
1078 3662 1218 3728 assiduas
1253 3664 1291 3728 ad
1323 3663 1427 3728 Deum

248 3747 410 3813 orationes

334 3834 487 3916 largitori
514 3836 654 3900 omnium
675 3837 827 3901 bonorum
848 3833 915 3900 Deo
936 3834 1074 3898 infinitas
1096 3834 1268 3916 gratiarum
1291 3835 1426 3899 octones

248 3919 423 3997 referimus,
453 3920 507 4002 qui
534 3924 656 3987 vestrae
686 3921 920 3986 mansuetudini
949 3921 1095 4002 dignatus
1124 3923 1172 3984 est
1200 3921 1364 4004 inspirare,
1393 3924 1431 3985 ut

249 4008 373 4070 nostrae
402 4007 547 4088 parvitati
578 4009 709 4073 scrihere
739 4010 771 4072 et
799 4007 837 4071 ds
866 4009 988 4072 uestrae
1016 4007 1186 4071 voluntatis
1207 4009 1289 4070 autu
1312 4007 1429 4088 siguifi-

249 4109 318 4154 care
339 4092 552 4172 dignaremini.
595 4094 740 4159 Facimus
762 4093 884 4174 itaque,
914 4093 996 4174 quod
1025 4091 1176 4166 iussistis3
1206 4095 1238 4156 et
1258 4092 1429 4156 humilibus

250 4179 360 4276 atque·
373 4177 506 4242 assiduis
534 4180 676 4263 precibus
697 4179 756 4243 Dei
785 4179 1005 4261 omnipotentis
1028 4178 1225 4242 clementium
1247 4197 1319 4242 enm
1341 4177 1428 4242 nobis

251 4263 422 4328 mmmissis
446 4263 507 4328 frat
493 4265 593 4331 tribus
616 4284 739 4331 exorare
761 4265 941 4343 studemus,
963 4267 1000 4328 ut
1021 4267 1088 4328 tam
1109 4267 1229 4327 vestrae
1252 4263 1341 4328 celsit
1327 4263 1427 4327 tudini

334 4401 442 4523 *lVgl
462 4455 504 4508 Ka
522 4454 611 4522 ·‚Herr
630 4453 742 4509 Abendl
761 4453 859 4508 Pohul
879 4453 925 4505 (les
945 4451 1054 4505 Kaisers
1072 4451 1152 4505 Manu
1154 4451 1194 4516 el,
1215 4450 1241 4504 S.
1262 4455 1312 4513 41;
1341 4449 1428 4505 Giese-

250 4526 340 4580 brecht
357 4525 404 4592 IV
405 4473 534 4580 gibutip
543 4542 569 4580 u.
587 4525 681 4592 Anm.;
704 4523 852 4624 Bemhardi
872 4541 895 4576 a.
915 4523 989 4578 aO.
1010 4522 1035 4576 S.
1055 4527 1116 4576 893.
