3617 5284
356 533 423 597 290

356 705 428 757 tores
445 701 622 767 ecclesiarum,
641 701 705 772 quid
723 701 794 756 inter
810 701 866 756 ists
883 701 965 756 michi
984 702 1018 758 de
1035 703 1109 758 vobis
1127 703 1293 758 sentiendum
1305 703 1350 770 sit,
1387 704 1434 758 uid
1445 705 1540 759 timen-

360 773 439 839 dum,
465 771 560 842 quidve
585 771 625 825 vel
647 775 775 842 qnantum
800 771 833 825 de
857 775 945 826 vestre
969 772 1099 828 fidelitate
1125 773 1335 844 presumendum.
1406 775 1505 856 denia
1522 793 1539 828 a

357 844 470 897 Domino
488 841 614 896 iubsmini
632 842 748 908 reddere,
786 859 818 896 ue
829 846 893 897 sunt
902 843 962 910 Dei,
974 843 1039 910 Dec,
1057 847 1085 898 et
1102 861 1153 915 que
1170 844 1356 910 suntCesaris,
1375 844 1473 912 Ossan,
1492 845 1538 909 sic,

356 930 428 983 rom,
448 913 542 967 domne
559 929 626 983 pape
643 912 672 994 in
690 913 746 966 viee
758 860 859 967 dhristi
878 913 995 968 debitam
1007 915 1164 985 persolvatis
1177 915 1362 982 obedientiam,
1381 915 1452 970 utin
1463 920 1539 987 parte

356 985 442 1038 altera
458 1000 476 1036 a
492 984 549 1037 Deo
567 986 739 1037 consumtum
757 1000 810 1038 nou
827 984 896 1053 neg'
918 983 971 1038 atis
988 984 1145 1040 iustitiam.“

444 1053 488 1108 Ad
503 1054 552 1108 hec
564 1054 644 1107 verbe
657 1069 767 1122 surgens
777 1055 888 1108 domnus
935 1053 1034 1110 nrsdus
1042 1055 1214 1125 Moguntiuus
1224 1058 1333 1126 accepta
1342 1056 1540 1126 opportunitate

357 1124 396 1178 sic
405 1125 509 1179 locutus
518 1126 574 1178 est:
588 1123 714 1191 „Domne,
724 1141 848 1194 rogamus
859 1125 1028 1180 serenitatem
1041 1130 1164 1193 vestrum,
1176 1129 1208 1180 ιιι
1215 1125 1352 1196 paululum
1361 1127 1440 1181 rerba
1448 1130 1540 1182 nostm

359 1195 515 1249 attendatis.
552 1193 636 1249 Casus
653 1194 713 1261 iste,
726 1195 815 1265 inquo
824 1195 944 1250 laborare
953 1196 1079 1263 ridemur,
1095 1196 1185 1266 gravis
1193 1199 1243 1251 est
1269 1195 1326 1250 Nec
1339 1199 1458 1251 nostrum
1470 1197 1540 1251 iuter

357 1283 403 1319 vos
422 1269 514 1320 tantas
532 1280 684 1332 componere
701 1264 763 1320 lites
775 1265 897 1335 (Vergilii
909 1265 998 1336 Ecleg.
1012 1267 1048 1332 Π,
1063 1267 1133 1334 108),
1146 1267 1217 1350 quia,
1237 1266 1306 1320 sicut
1342 1267 1401 1320 aulo
1420 1268 1540 1338 superius

357 1335 471 1402 dixistis,
490 1351 521 1388 er
539 1351 593 1389 una
630 1337 688 1390 arte
705 1338 825 1390 tenemur
836 1336 953 1402 reddere,
972 1353 1023 1406 que
1035 1340 1099 1391 sunt
1110 1337 1169 1404 Der,
1181 1337 1245 1404 Deo,
1264 1353 1295 1391 ex
1335 1339 1400 1404 tera,
1415 1353 1465 1408 que
1477 1342 1541 1392 sunt

357 1406 470 1472 Cosanis,
488 1405 586 1460 Cesari.
655 1422 717 1460 mne
734 1406 833 1460 etenim
850 1423 918 1477 pape
935 1409 968 1460 ut
982 1407 1056 1488 putri
1073 1407 1197 1531 spiritali,
1222 1408 1268 1479 qui
1286 1423 1364 1476 super
1382 1424 1471 1462 omnes
1488 1412 1538 1474 est,

358 1475 459 1531 iustum
476 1479 519 1530 est
536 1475 571 1529 ad
589 1475 677 1529 omnia
694 1477 890 1546 promptissime
913 1475 1032 1544 obedire,
1056 1495 1088 1532 vo
1105 1478 1129 1531 is
1154 1481 1257 1545 numm,
1283 1494 1360 1548 quem
1378 1478 1451 1532 Deus
1468 1478 1538 1547 prin·

357 1547 442 1618 cipem
459 1549 488 1599 et
504 1545 690 1616 imperatorem
708 1547 822 1601 Romani
839 1546 911 1601 orbis
928 1547 1064 1615 exultavit,
1089 1548 1131 1602 cui
1150 1548 1295 1604 hominium
1313 1547 1430 1615 lecimus,
1454 1565 1539 1620 aquo

358 1620 386 1671 et
403 1615 561 1687 temporalia
577 1616 751 1687 possidemus,
775 1617 810 1671 ad
829 1633 860 1671 ex
908 1617 1007 1672 nendas
1030 1635 1120 1672 omnes
1138 1618 1257 1674 iustitias
1276 1622 1377 1673 vestras
1395 1619 1451 1673 iure
1469 1623 1540 1674 teue-

358 1704 418 1741 mur
430 1686 563 1742 assistere.
590 1686 669 1742 Nunc
679 1704 741 1757 ergo
753 1689 810 1742 sine
821 1634 966 1758 prdddicio
976 1689 1092 1743 melioris
1110 1689 1222 1756 consilii,
1240 1689 1263 1744 si
1276 1689 1370 1760 placet,
1390 1689 1540 1744 scribantur

358 1758 448 1812 littere
466 1757 560 1812 domno
578 1773 647 1826 pape
664 1774 695 1812 ex
712 1774 824 1828 persona
841 1759 1034 1830 episcopcrum,
1056 1759 1084 1814 in
1103 1760 1200 1830 quibus
1218 1762 1426 1828 commoneatur,
1451 1763 1483 1814 ut
1500 1777 1538 1825 ea,

359 1845 410 1898 que
428 1827 463 1881 ed
474 1844 565 1898 pacem
583 1830 655 1895 sunt,
674 1829 808 1903 vobiscum
826 1829 927 1884 sentiat
944 1832 972 1884 et
989 1829 1123 1885 iustitiam
1141 1830 1214 1886 robis
1232 1830 1260 1884 in
1278 1829 1330 1898 his,
1349 1847 1400 1902 que
1417 1829 1487 1885 iuste
1506 1831 1539 1884 ab

358 1915 388 1951 eo
406 1898 555 1967 exiguntur,
573 1898 681 1953 faciat“

445 1985 552 2040 Placuit
572 1986 725 2057 imperatori
743 1989 772 2040 et
792 1988 913 2042 ommbus
940 1988 1077 2059 episcopis,
1101 1989 1171 2059 quod
1196 1987 1307 2043 dixerat
1343 1987 1380 2042 Et
1397 1988 1431 2043 ad
1450 1987 1539 2042 volun-

358 2059 444 2110 tatem
461 2056 498 2110 im
531 2057 629 2111 ratoris
646 2056 747 2128 scripta
764 2060 806 2111 est
822 2058 943 2128 epistola,
962 2060 1070 2128 signatu
1086 2059 1167 2112 bullis
1186 2059 1302 2114 emnium
1320 2059 1499 2130 episcoporum
1511 2063 1540 2113 et

358 2127 461 2209 perlata
479 2073 778 2210 sdedpmnnmpapam.
814 2127 866 2194 Qui
890 2145 950 2183 cum
976 2129 1087 2199 legisset
1104 2129 1259 2200 epistulam,
1285 2129 1425 2200 obstupuit
1442 2129 1474 2184 de
1492 2129 1540 2183 im·

358 2200 504 2252 mutatione
522 2214 716 2268 episcoporum,
740 2199 803 2269 quia
819 2199 877 2269 ipse
895 2216 1002 2254 causam
1020 2215 1067 2270 pro
1085 2199 1124 2253 eis
1148 2199 1288 2254 ridebatur
1305 2200 1462 2270 sumpsisse,
1488 2200 1539 2271 ipsi

358 2284 418 2322 vere
443 2268 476 2322 de
500 2285 581 2322 censa
603 2268 736 2325 cecidisse.
772 2269 828 2324 Nec
852 2269 940 2323 minus
963 2273 1052 2324 tamen
1082 2269 1109 2324 in
1140 2271 1273 2341 proposito
1298 2287 1345 2325 suo
1369 2269 1489 2341 perstitit
1512 2274 1540 2324 et

360 2338 465 2393 veniens
482 2337 625 2404 Veronam,
650 2339 834 2422 imperatorem
856 2340 975 2408 legitime
998 2341 1110 2395 citatum
1134 2357 1181 2411 pro
1203 2341 1327 2412 capitulis
1352 2341 1540 2412 suprascriptis

359 2408 581 2464 excommunicare
600 2410 722 2465 decremt
757 2410 801 2465 Ad
825 2426 903 2493 quem
928 2411 1081 2466 secedentes
1098 2410 1260 2466 Veronenses
1278 2411 1413 2466 dixerunt:
1434 2411 1539 2479 „Pater

360 2479 428 2534 servi
446 2482 474 2533 et
491 2479 569 2534 amici
588 2481 678 2535 domni
694 2481 860 2550 imperatoris
884 2497 988 2550 sumus,
1013 2497 1137 2551 rogamus
1161 2482 1332 2536 sanctitatem
1355 2485 1482 2549 vestram,
1508 2485 1540 2536 ιιι

360 2566 421 2604 eum
438 2549 466 2604 in
484 2550 593 2605 civitate
610 2554 702 2605 nostre
719 2551 795 2605 nobis
812 2553 978 2621 presentibus
996 2569 1048 2606 non
1065 2553 1303 2620 excommunicetis,
1329 2552 1375 2606 sed
1395 2552 1464 2606 hanc
1482 2569 1540 2606 seu-

360 2737 525 2876 ffifflffion
542 2735 600 2790 Hei
620 2736 766 2804 gesandteu
785 2736 924 2792 Bischhfen
942 2755 966 2792 v.
985 2737 1106 2792 Mdnster
1123 2754 1149 2793 u.
1168 2735 1243 2804 Asu,
1269 2738 1320 2792 den
1337 2738 1422 2808 Papst
1439 2739 1540 2792 schein-

495 2811 587 2932 ιι
605 2809 743 2931 ιιι
763 2806 1075 2960 ιιιιιιι
1093 2807 1540 2948 renuuntur

360 2949 578 3004 Kirchenstaates
604 2947 663 3002 dem
680 2947 779 3019 Papste
805 2965 836 3002 au
859 2947 940 3003 Hrlie.
976 2947 1056 3004 Indes
1081 2949 1146 3003 bald
1164 2949 1260 3002 darauf
1282 2949 1362 3018 gebct
1379 2949 1471 3003 Urban
1490 2949 1540 3004 111.

361 3020 437 3075 nicht
462 3037 513 3075 nur
531 3019 580 3074 den
600 3018 712 3073 Sttdten
729 3018 784 3072 und
801 3018 942 3074 Bischbfen
960 3018 1080 3086 Italicus,
1098 3019 1158 3074 dem
1176 3018 1270 3074 Kaiser
1287 3019 1324 3073 im
1342 3019 1439 3088 Kriegs
1456 3035 1540 3089 gegen

361 3091 493 3144 Kremona
510 3091 585 3144 lisine
602 3088 675 3143 Hilfe
692 3106 724 3143 zu
741 3088 852 3156 leisten,
876 3090 989 3144 soudern
1014 3090 1117 3144 erteilts
1141 3089 1210 3144 auch
1233 3089 1407 3144 uumittelbar
1430 3107 1477 3144 ror
1495 3090 1542 3145 der

362 3160 505 3244 Ergebung
522 3160 667 3214 Kremeuas
691 3159 750 3214 dem
769 3159 916 3214 Erudiahen
933 3159 1039 3215 Folmar
1062 3160 1104 3214 die
1123 3159 1333 3215 erabischbfliche
1351 3159 1452 3216 Weihe.
1489 3161 1541 3214 Zur

362 3231 450 3286 Strate
467 3230 554 3286 hrefiir
571 3233 727 3284 rerwtstete
744 3229 871 3285 Heinrich
889 3230 938 3284 suf
953 3231 1125 3286 kaiserlichen
1143 3230 1236 3285 Befehl
1255 3230 1298 3285 die
1316 3230 1470 3301 Campugna
1486 3231 1542 3285 und

361 3302 424 3356 lissa
436 3301 495 3356 sich
505 3301 564 3356 hier
574 3300 710 3370 huldigen,
730 3300 776 3354 der
787 3301 871 3373 Papst
882 3301 968 3356 selber
979 3301 1067 3356 wurde
1081 3302 1108 3356 in
1122 3301 1225 3356 Verona
1236 3301 1453 3371 eingeschlcssen.
1489 3301 1546 3356 Aur

361 3373 446 3426 einem
462 3371 624 3440 Reichstage
642 3388 674 3425 zu
694 3369 870 3438 Gelnhausen‚
888 3373 917 3426 in
936 3372 983 3427 der
1000 3373 1108 3427 aweiten
1126 3371 1219 3426 Hdllte
1238 3372 1283 3426 des
1301 3370 1448 3427 November
1463 3376 1541 3438 1186,

361 3443 451 3497 surde
478 3442 525 3496 der
551 3441 695 3496 hirchliche
718 3440 802 3496 Streit
828 3459 874 3496 zur
899 3443 1036 3525 Berabrnp
1064 3441 1200 3512 gebracht.
1235 3441 1294 3497 Von
1322 3441 1373 3496 den
1398 3442 1542 3497 deutschen

362 3512 503 3568 Bischtfen
527 3512 604 3567 hatte
621 3511 712 3566 Urban
730 3511 780 3566 ΠΙ.
805 3529 856 3566 nur
880 3512 931 3567 deu
949 3512 1104 3568 Embrschel
1118 3512 1226 3584 Philipp
1249 3531 1273 3568 v.
1292 3511 1362 3568 Keln
1388 3513 1435 3567 aui
1456 3512 1541 3567 seiner

362 3584 441 3639 Seite.
476 3582 526 3637 Ale
553 3581 664 3648 Quellen
696 3582 739 3636 ihr
767 3582 857 3637 diesen
884 3583 1088 3653 denkwtirdigen
1114 3583 1260 3652 Reichstsg
1292 3582 1384 3638 dienen
1420 3583 1467 3638 der
1492 3583 1541 3637 Be·

362 3653 432 3708 richt
449 3652 565 3708 Amolds
583 3669 633 3707 ron
651 3653 771 3720 theclr,
796 3652 927 3709 chronice
944 3653 1079 3709 Slavornm
1097 3653 1148 3720 ΠΙ,
1167 3671 1189 3708 c.
1210 3658 1242 3708 19
1260 3654 1316 3708 und
1335 3654 1383 3708 das
1401 3653 1542 3708 Schmiben

364 3724 519 3780 Embischol
529 3723 702 3778 Wichmauns
714 3741 737 3777 v.
750 3723 916 3793 Magdeburg
933 3742 959 3779 ιι.
978 3724 1063 3778 seiuer
1074 3724 1229 3794 Suffrsgane
1248 3741 1282 3779 au
1294 3725 1378 3796 Papst
1388 3724 1480 3778 Urban
1492 3723 1542 3780 ΠΙ.

362 3797 496 3850 Ietztores
506 3794 567 3864 gibt
577 3793 710 3864 Lndewig,
722 3793 860 3864 Reliquiae
872 3795 899 3849 di
918 3795 1045 3849 lomstum
1057 3795 1093 3861 Il,
1106 3799 1246 3850 lon-449
1258 3795 1327 3848 nach
1339 3795 1422 3849 ciuem
1435 3795 1542 3864 Magdo-

362 3865 641 3991 bnpperFormelbueh
660 3865 692 3933 (s.
702 3812 923 3921 WinterForscd.
933 3883 955 3920 z.
966 3865 991 3921 d.
1002 3863 1034 3920 G.
1044 3866 1077 3932 X,
1093 3869 1145 3920 642
1155 3865 1208 3931 ur)
1235 3864 1379 3920 DenBriel
1393 3865 1544 3920 hberliefert

364 3954 397 3991 au
433 3936 555 4004 ,heilich
566 3934 797 4005 ohneEinleitung
808 3935 863 3990 und
872 3934 989 4003 Schluss,
1002 3935 1133 3991 deulfus
1146 3935 1178 3990 de
1186 3935 1288 3990 Diceto.
1307 3935 1360 3989 Zur
1367 3935 1542 3992 Emendation

364 4007 410 4062 des
422 4007 518 4062 'l'extes
535 4007 604 4061 habe
621 4005 665 4060 ich
684 4006 811 4061 letsteren
828 4006 963 4061 mehrfach
982 4023 1027 4060 zur
1038 4006 1234 4076 Vergleichung
1251 4005 1454 4076 berengerogen.
1486 4006 1543 4060 Das

363 4077 605 4133 Protestschreiben
635 4076 681 4131 des
711 4081 848 4146 gesamteu
875 4077 1019 4132 deutschen
1046 4077 1230 4149 Episcopatus,
1257 4075 1367 4130 welches
1385 4076 1486 4131 Amold
1504 4093 1543 4130 er·

365 4149 464 4216 wthnt,
483 4148 522 4202 ist
538 4147 614 4202 nicht
632 4147 680 4201 aui
694 4164 745 4202 uns
761 4149 923 4218 gehommen.
959 4147 1017 4203 Von
1035 4165 1146 4202 neueren
1163 4147 1290 4202 Arbeiten
1315 4147 1461 4216 rergleiche
1479 4147 1543 4200 iiber

366 4220 454 4274 diesen
471 4218 632 4288 Reichstag:
659 4217 932 4286 &heder-Boichorst,
962 4217 1056 4273 Kaiser
1074 4217 1224 4273 Friedrichs
1241 4217 1263 4272 1.
1282 4217 1376 4272 letater
1393 4217 1477 4272 Streit
1493 4217 1544 4271 mit

366 4291 412 4344 der
436 4289 517 4343 Knrie
542 4289 569 4342 s.
596 4294 647 4344 114
686 4293 750 4355 1263
777 4290 858 4344 Pruta
881 4305 906 4345 a.
925 4306 948 4344 a.
968 4287 999 4344 Ο.
1022 4287 1073 4354 ΙΠ,
1101 4291 1256 4354 aee-2703
1282 4286 1325 4342 W.
1353 4287 1451 4357 Meyer,
1478 4287 1543 4342 Zum

367 4359 450 4414 Streit
467 4359 563 4414 Kaiser
579 4358 730 4414 Friedrichs
747 4361 769 4415 I.
794 4360 845 4414 mit
860 4360 945 4430 Papst
962 4359 1054 4414 Urban
1071 4358 1121 4414 111.
1141 4355 1266 4432 1186187,
1293 4357 1399 4414 Forsch.
1424 4375 1446 4414 z.
1464 4358 1490 4412 d.
1510 4357 1542 4413 G.

365 4431 440 4498 XIX,
459 4435 510 4497 b9;
528 4430 640 4486 Nitasch
658 4446 683 4486 a.
701 4447 724 4486 a
744 4429 775 4485 0.
793 4430 830 4498 Π,
848 4434 901 4486 328
920 4431 952 4498 f.;
970 4429 1195 4501 HefeleKndpfler
1213 4447 1236 4486 a.
1256 4447 1280 4486 a.
1300 4427 1332 4484 Ο.
1343 4429 1375 4497 V,
1394 4432 1542 4485 rao-737.
