3617 5284
1414 564 1451 624 ll

532 729 566 804 b>
589 729 705 798 veron
727 731 785 798 der
805 729 952 812 alnonis,
974 730 1089 799 ianuar
1112 730 1201 801 1047.

279 855 375 920 (Marrsi
395 855 466 918 xlx,
486 859 547 920 1127,
574 855 641 908 uach
665 856 736 909 einer
753 857 847 910 iehler·
864 857 920 909 und
938 857 1123 910 lliclrenhalten
1141 857 1341 926 Aufzeichnnng
1363 858 1390 912 in
1410 857 1456 911 der

568 924 719 980 Bibliothek
738 926 783 980 des
801 927 983 997 Donnlrapitels
1001 945 1032 980 an
1051 928 1161 995 Lubla)

280 1053 330 1106 lex
349 1053 452 1107 <uncini
473 1052 623 1120 Clementis,
643 1054 711 1124 quod
731 1053 846 1108 detinuit
863 1055 962 1108 Romae
980 1071 1039 1109 curn
1057 1053 1171 1110 Henrico
1188 1057 1357 1128 Imperatore,
1379 1062 1454 1113 1047.

362 1195 466 1259 Issum
489 1196 558 1280 (sio)
582 1199 631 1261 est
652 1197 840 1278 antiquitus,
872 1201 904 1261 et
925 1217 981 1262 nos
1005 1199 1063 1262 snb
1092 1200 1291 1264 anathemate
1318 1201 1455 1284 idipsum

278 1281 504 1357 interdicimus,
534 1282 572 1346 de
593 1282 730 1346 haeresis
758 1282 933 1358 simoniaca,
965 1301 1045 1365 quae
1067 1332 1074 1346 .
1096 1332 1104 1348 .
1126 1332 1134 1348 .
1156 1289 1265 1350 sancta
1286 1286 1455 1350 Decretum

280 1365 423 1448 Synodus
446 1369 515 1449 (sic)
537 1368 687 1432 nullum-1
704 1372 760 1431 aut
782 1367 981 1432 ecelesiarum
1002 1371 1264 1436 consecrationem
1287 1375 1342 1436 aut
1368 1372 1456 1436 oleri·

279 1455 366 1516 catus
404 1453 644 1530 ordinationem,
686 1457 741 1516 aut
777 1454 1127 1538 archipresbyteratum,
1167 1459 1223 1520 ant
1259 1457 1455 1522 commenda·

278 1538 376 1602 bones
399 1539 559 1614 altarium,
593 1542 649 1603 aut
677 1539 858 1603 traditiones
887 1541 1100 1618 ecclesiarum,
1131 1546 1187 1605 aut
1215 1544 1369 1620 abbatias,
1400 1547 1456 1607 aut

277 1625 506 1707 praeposituras
538 1625 679 1690 rendere.
734 1625 884 1708 Quisquis
914 1626 1146 1704 contradixerit,
1185 1631 1240 1692 ant
1273 1629 1454 1706 vendiderit,

278 1711 445 1774 anathema
466 1711 515 1775 sit

468 1994 513 2082 ll.
539 1995 599 2082 las
625 1995 918 2102 lnpstnabldolrol
942 2017 1000 2080 nn
1027 1995 1111 2082 lota
1137 1995 1255 2102 (lprilt

654 2169 688 2244 a)
718 2169 897 2254 Plpstlicbe
922 2169 1073 2254 Fassnnp.

303 2293 579 2360 (Sobeffcr-Boichorst
605 2295 665 2362 „die
682 2295 864 2420 Neuordspurpp
873 2295 1097 2436 pippjl’apstwahl
1124 2295 1205 2349 durch
1225 2295 1354 2350 Nikolans
1372 2295 1425 2350 112⁶

361 2493 398 2557 ln
421 2494 545 2558 nornine
574 2495 690 2559 domini
717 2495 766 2559 dei
796 2495 958 2559 salvatoris
986 2494 1084 2559 nostri
1105 2495 1183 2560 Jesn
1206 2494 1334 2570 Christi,
1372 2514 1452 2560 anno

277 2579 315 2642 ab
338 2578 549 2644 incarnatione
572 2582 638 2646 eius
660 2581 782 2657 MLIX,
805 2599 913 2646 mense
936 2581 1040 2664 Aprili,
1062 2581 1335 2657 indictionem,
1364 2600 1453 2665 prae·

278 2664 412 2748 positisu
437 2667 639 2731 sacrosanctis
655 2667 831 2748 evangeliis,
852 2666 1048 2750 praesidente
1060 2686 1182 2749 quoque
1198 2667 1452 2732 reverendissimo

277 2767 313 2814 ac
344 2751 521 2815 beatissimo
549 2751 676 2817 Nicolao
710 2753 876 2836 apostolico
909 2770 1004 2836 papa,
1035 2752 1069 2815 in
1096 2752 1223 2816 basilica
1249 2753 1452 2818 Lateranensi

277 2835 444 2918 patriarchi
451 2839 480 2912 ο1,
497 2855 576 2918 qnae
587 2837 823 2919 cognominatur
835 2837 1099 2914 Constantiniana,
1115 2837 1344 2902 considentibus
1356 2839 1452 2902 etiam

276 2921 538 2986 reverendissimis
573 2922 822 3007 archiepiscopis,
856 2923 1021 3007 episcopis,
1055 2923 1218 2987 abbatibus
1247 2941 1303 2986 seu
1325 2942 1452 2987 venera·

276 3005 389 3070 bilibus
422 3008 610 3091 presbyteris
644 3011 737 3090 atque
768 3009 962 3084 diaconibus,
996 3009 1080 3072 idem
1101 3007 1284 3073 venerabilis
1307 3010 1451 3092 pontifex,

276 3091 460 3156 auctoritate
493 3094 660 3178 apostolica
692 3094 872 3171 decernens,
906 3094 944 3158 de
972 3095 1120 3158 electione
1153 3094 1268 3158 summi
1296 3095 1450 3178 pontificis

275 3178 396 3258 inquit:

360 3263 455 3328 Novit
476 3264 636 3329 beatitudo
659 3269 770 3342 vestra,
793 3265 986 3330 dilectissimi
1008 3265 1120 3329 fratres
1142 3268 1174 3330 et
1195 3265 1381 3349 coepiscopi,
1403 3267 1450 3330 in-

276 3347 385 3414 feriora
408 3369 531 3432 quoque
553 3351 693 3415 membra
707 3370 768 3415 non
783 3351 884 3428 latuit,
900 3350 1045 3416 defuncto
1060 3351 1130 3436 piae
1145 3352 1311 3416 memoriae
1326 3353 1449 3417 domino

276 3435 433 3518 Stephano
456 3435 614 3500 decessore
635 3440 749 3513 nostro,
771 3438 848 3502 liaeo
870 3437 1038 3520 apostolica
1052 3437 1149 3514 sedes,
1173 3437 1223 3501 cui
1245 3440 1369 3502 auctore
1392 3438 1448 3502 deo

274 3519 420 3597 deservio,
450 3525 527 3604 quot
556 3522 685 3587 adversa
712 3523 889 3606 pertulerit,
923 3527 999 3604 quot
1020 3523 1153 3604 deniqne
1180 3542 1235 3604 per
1263 3523 1448 3588 simoniacae

275 3607 410 3670 haeresis
426 3607 592 3691 trapezitas
607 3608 728 3672 malleis
744 3609 920 3690 crebrisque
943 3609 1138 3672 tunsionibus
1154 3608 1350 3684 subiaouerit,
1373 3610 1448 3673 adeo

275 3695 311 3754 nt
333 3693 477 3757 columna
498 3693 547 3757 dei
563 3694 693 3758 viventis
712 3693 839 3758 iamiam
850 3713 949 3778 paene
964 3693 1147 3757 videreturll
1163 3697 1274 3758 nutare
1287 3697 1319 3758 et
1333 3713 1449 3776 sagena

363 3867 388 3933 a)
408 3865 454 3918 lcli
472 3869 601 3918 rernnrte:
621 3865 725 3917 luseum
743 3867 785 3918 est
796 3865 952 3935 antiquitus,
971 3868 999 3917 ot
1010 3881 1057 3917 nos
1075 3865 1124 3916 sub
1142 3864 1309 3918 anathemate
1322 3863 1350 3918 id
1361 3865 1447 3934 ipsum

274 3935 468 4001 interdicimus,
506 3935 538 3988 de
564 3935 665 3988 haeresi
693 3935 843 4000 simoniaca,
874 3937 1013 4006 sequentes
1040 3937 1147 3988 amotae
1174 3935 1314 3988 Decretum
1341 3934 1447 4003 Synodi,

273 4006 375 4060 nullum
392 4010 441 4060 etc.

362 4077 386 4146 *)
405 4077 502 4130 Anna.
539 4075 599 4129 Sch.
618 4075 692 4128 stelit
716 4073 773 4128 hier
792 4076 834 4130 die
860 4076 971 4142 „fehlon
988 4077 1043 4131 und
1061 4075 1229 4130 liiclranhalte
1247 4075 1445 4129 Abschrift“

273 4147 328 4214 her,
357 4163 403 4200 aus
422 4146 533 4200 welcber
559 4146 610 4199 alle
629 4147 675 4198 auf
696 4163 746 4200 uns
773 4147 959 4215 gelromnnenen
976 4139 1208 4214 Uberlielernngen
1232 4147 1359 4214 gellossen
1377 4147 1444 4203 sind.

274 4217 325 4270 Uin
344 4217 402 4270 dem
421 4216 580 4284 Original
599 4215 684 4270 selber
702 4217 844 4285 nibglichst
861 4218 930 4272 nahe
948 4236 980 4271 zu
998 4219 1126 4282 lrommen,
1147 4218 1230 4285 geben
1249 4216 1291 4269 die
1309 4217 1446 4284 folgenden

273 4287 360 4341 Noten
379 4288 421 4342 die
444 4287 501 4341 sich
526 4287 641 4340 alleabar
667 4287 862 4358 emplelilenden
882 4287 1089 4342 Emendationen
1116 4287 1162 4341 das
1181 4286 1294 4342 Gratian
1321 4287 1376 4340 und
1400 4289 1446 4340 des

273 4357 351 4426 Hngo
364 4376 387 4413 v,
405 4357 534 4426 Flavigny
552 4359 629 4412 sorrie
648 4357 690 4411 die
707 4361 758 4426 gut
774 4359 962 4427 begianbigten
981 4357 1205 4427 Einschaltungen
1225 4357 1270 4411 des
1288 4358 1347 4412 Sch.
1367 4375 1409 4412 an.

361 4429 389 4497 b)
409 4427 529 4495 Gratian,
549 4428 698 4498 propositis.
728 4429 753 4498 c)
774 4426 815 4495 G..
833 4429 1018 4484 Lateranensis
1036 4429 1199 4500 patriarchii.
1237 4428 1265 4498 d)
1282 4428 1351 4495 Sol,
1377 4427 1446 4481 virle·

273 4501 346 4552 retur
363 4515 495 4554 concussa
