3617 5284
387 529 429 593 32

468 700 621 766 Auditum
650 704 699 766 est
727 702 759 765 in
789 702 872 765 terra
898 702 1007 764 nostra
1038 702 1070 764 et
1098 699 1209 765 celebri
1239 717 1380 764 sermone
1401 699 1566 782 vulgatum

382 787 512 851 verbum
540 787 616 862 hoo,
644 787 727 868 quud
757 787 876 850 iactum
905 789 954 849 est
979 785 1018 850 de
1047 786 1132 850 vobis
1161 785 1342 850 aDomino.
1386 784 1565 849 Presseram

383 872 492 936 stilum
514 873 681 949 hactenus,
708 891 775 936 rem
800 872 916 936 tacitus
942 870 1182 936 considerabam.
1226 871 1452 954 Exspectabam
1481 872 1565 935 enini

382 958 505 1022 litteras
519 961 649 1035 vestrm,
670 961 703 1022 et
717 957 890 1041 praeveniri
905 975 925 1020 a
940 957 1025 1020 vobis
1045 956 1077 1019 in
1100 956 1363 1021 benedictionibus
1385 957 1565 1020 dulcedinis.

384 1044 613 1126 Exspectabam
634 1043 737 1108 virum
757 1043 890 1119 fidelem,
913 1043 966 1124 qui
988 1041 1107 1106 veniret
1128 1060 1148 1105 a
1169 1042 1266 1106 latere
1288 1044 1351 1119 tuo,
1373 1043 1427 1124 qui
1450 1042 1566 1107 diceret

385 1134 498 1193 cuncta
526 1148 582 1212 per
611 1129 769 1193 ordinem:
800 1127 891 1210 quid,
921 1127 1090 1209 quomodo,
1118 1128 1167 1191 vel
1189 1127 1324 1208 qualiter
1346 1133 1451 1192 actum
1474 1131 1565 1192 esset

383 1214 618 1296 Exspectabam,
640 1215 753 1296 siquis
774 1213 855 1278 forte
877 1212 916 1277 de
937 1213 1009 1277 filiis
1031 1213 1109 1277 meis
1132 1218 1352 1290 reverteretur,
1379 1215 1433 1295 qui
1456 1213 1566 1278 leniret

385 1300 523 1364 dolorem
544 1301 653 1382 patris,
676 1301 729 1382 qui
753 1299 882 1364 diceret:
911 1299 1029 1382 Joseph
1055 1299 1138 1362 tilius
1161 1301 1235 1362 tuus
1257 1299 1347 1376 vivit,
1369 1303 1401 1362 et
1423 1299 1489 1382 ipse
1512 1299 1566 1364 do-

383 1385 524 1449 minatur
549 1385 583 1449 in
609 1389 678 1450 tota
699 1391 784 1449 terra
804 1384 938 1468 Aegypti
965 1383 1055 1466 (Gen.
1077 1384 1171 1460 XLV,
1193 1385 1257 1466 26).
1301 1383 1383 1448 Hine
1405 1388 1461 1461 est
1483 1385 1565 1466 quod

383 1471 507 1535 litterae
529 1471 609 1536 istae
629 1489 693 1536 non
715 1475 790 1535 sunt
810 1470 995 1546 voluntatis,
1025 1469 1080 1533 sed
1102 1469 1310 1546 necessitatis,
1341 1472 1374 1534 et
1395 1470 1565 1535 amicorum

386 1560 525 1620 extortae
546 1556 699 1640 precibus,
721 1556 835 1637 quibus
850 1573 964 1636 negare
979 1573 1041 1618 non
1056 1573 1184 1638 possum
1198 1554 1354 1619 modicum
1376 1555 1456 1619 illud
1477 1555 1566 1637 quid-

389 1640 465 1722 quid
479 1641 639 1705 residuum
654 1643 704 1706 est
716 1642 799 1706 vitae
814 1659 912 1704 mese.
949 1640 1032 1722 [lam
1046 1640 1129 1704 enim
1143 1640 1182 1703 de
1203 1640 1322 1721 reliquo
1344 1639 1453 1705 breves
1476 1645 1568 1704 erunt

387 1726 453 1790 dies
468 1726 538 1802 mei,
560 1729 593 1791 et
607 1727 709 1790 solum
722 1726 800 1791 mihi
816 1728 959 1809 superest
973 1725 1203 1809 sepulcrum]·t
1239 1723 1320 1803 Quia
1341 1729 1448 1790 tamen
1470 1727 1565 1790 semel

386 1811 488 1895 coepi,
517 1812 628 1894 loquar
655 1812 694 1876 ad
717 1812 878 1876 dominum
899 1829 1015 1875 meum.
1064 1811 1133 1874 Iam
1155 1810 1238 1874 enim
1260 1810 1359 1874 lilium
1382 1811 1482 1875 dicere
1504 1831 1565 1876 non

387 1897 503 1971 audeo,
531 1897 606 1979 quia
625 1897 709 1961 filius
729 1898 763 1960 in
784 1898 921 1980 patrem,
951 1899 1040 1979 pater
1066 1898 1208 1960 mutatus
1231 1899 1280 1960 est
1300 1897 1332 1960 in
1354 1896 1462 1960 filiuni
1506 1897 1566 1976 Qui

386 1985 458 2065 post
478 2001 530 2046 me
551 1983 651 2058 venit,
681 1985 754 2046 ante
775 2001 826 2047 me
847 1982 949 2046 iactus
972 1983 1037 2056 est3
1066 1981 1120 2046 sed
1143 2001 1203 2046 nun
1227 1981 1362 2056 invideo,
1389 1983 1463 2064 quia
1484 1982 1567 2064 quod

385 2067 462 2131 mibi
485 2067 604 2143 deerat,
632 2068 665 2131 in
687 2087 723 2132 eo
745 2087 796 2132 me
816 2068 932 2132 habere
954 2066 1086 2144 confido,
1115 2067 1169 2148 qui
1197 2087 1258 2132 non
1289 2067 1390 2132 solum
1416 2070 1486 2151 post
1506 2087 1565 2144 me,

386 2153 441 2216 sed
464 2153 560 2217 etiam
581 2171 639 2238 per
650 2173 702 2218 me
716 2153 809 2218 venit
846 2153 929 2217 Nam
944 2153 970 2216 si
986 2152 1130 2234 dignaii's,
1154 2152 1381 2234 quodammodo
1396 2172 1452 2237 per
1466 2155 1568 2218 Evan-

384 2239 502 2321 gelium
532 2257 589 2321 ego
615 2241 648 2303 ts
676 2239 778 2321 genui
830 2237 919 2318 Quae
948 2241 997 2302 est
1025 2257 1097 2320 ergo
1126 2257 1197 2322 spes
1227 2242 1334 2304 nostra
1364 2244 1397 2302 et
1418 2239 1566 2322 gaudium

389 2327 532 2388 nostrum
562 2328 595 2388 et
623 2343 735 2390 corona
763 2325 903 2406 gloriae?
947 2324 1058 2388 Nonne
1085 2343 1139 2389 vos
1162 2327 1234 2388 ante
1256 2324 1382 2388 Deum?
1426 2325 1568 2408 Denique

385 2410 468 2473 filius
497 2411 621 2493 sapiens
650 2410 748 2492 gloria
775 2413 825 2474 est
845 2409 944 2493 patris
966 2409 1068 2490 (Prov.
1090 2410 1127 2487 X,
1153 2411 1192 2494 1).
1235 2409 1355 2474 Amodo
1378 2413 1482 2474 tamen
1505 2430 1566 2475 non

386 2497 544 2560 vocaberis
565 2495 656 2572 lilius,
679 2496 733 2560 sed
756 2496 916 2560 vocabitur
937 2496 993 2559 tibi
1017 2513 1130 2561 nomen
1145 2515 1269 2572 novum,
1293 2496 1375 2578 quod
1390 2515 1424 2560 os
1441 2496 1565 2560 Domini

386 2581 566 2645 nominavit
601 2581 688 2646 Haec
708 2586 757 2646 est
777 2581 911 2646 mutatio
934 2581 1077 2646 dexterae
1092 2581 1221 2660 Excelsi,
1243 2584 1276 2646 et
1297 2581 1390 2646 multi
1410 2582 1443 2645 in
1464 2587 1568 2646 niuta-

387 2667 470 2731 tione
484 2667 547 2730 ista
561 2667 750 2748 gaudebunt
765 2667 848 2730 Nam
863 2666 1128 2748 quemadmodum
1138 2667 1213 2732 olim
1223 2668 1340 2731 Abram
1355 2667 1387 2730 in
1398 2669 1566 2742 Abrabam,

292 2755 295 2758 ’
387 2752 479 2815 Iacob
508 2751 539 2815 in
561 2752 675 2826 Israel,
705 2755 752 2828 et,
781 2755 818 2816 ut
840 2751 878 2816 de
899 2752 964 2816 tuis
986 2752 1087 2834 magis
1108 2752 1396 2836 praedecessoribus
1418 2753 1474 2817 tibi
1497 2773 1568 2837 pro-

387 2855 509 2920 ponam,
531 2837 613 2900 sicut
626 2836 733 2901 Simon
748 2838 781 2901 in
797 2836 944 2920 Cepham,
968 2837 1082 2902 Sardus
1098 2839 1130 2902 in
1146 2838 1297 2902 Paulum:
1321 2839 1365 2903 iic
1378 2838 1462 2902 filius
1477 2857 1567 2903 meus

388 2922 567 2987 Bernardus
589 2922 621 2986 in
643 2925 766 3006 patrum
787 2941 894 2986 meum
916 2923 1100 3005 Eugenium,
1123 2923 1206 2988 laeta
1227 2943 1354 3006 prorsus
1378 2927 1410 2988 et
1431 2924 1508 3001 utili,
1531 2928 1568 2988 ut

388 3026 564 3090 speramus,
591 3007 793 3072 translatione
821 3010 983 3092 promotus
1006 3012 1061 3072 est.
1105 3008 1230 3091 Digitus
1252 3008 1310 3072 Dei
1326 3011 1375 3074 est
1395 3009 1470 3087 iste,
1499 3029 1568 3075 sus-

387 3093 486 3156 citans
508 3093 547 3157 de
569 3093 695 3176 pulvere
724 3112 857 3175 egenum
886 3095 918 3157 et
947 3091 985 3157 de
1014 3096 1147 3158 stercore
1175 3095 1297 3175 erigens
1324 3113 1507 3178 pauperem,
1530 3099 1567 3160 ut

388 3178 495 3243 sedeat
517 3197 589 3242 cuin
611 3178 801 3261 principibus
823 3181 856 3242 et
877 3177 990 3242 solium
1012 3179 1127 3261 gloriae
1150 3180 1298 3262 teneat*)

479 3264 645 3346 Superest,
674 3266 726 3340 ut,
754 3264 837 3329 iacta
863 3264 923 3328 huo
944 3265 1117 3330 mutatione
1139 3264 1201 3340 tui,
1229 3265 1298 3347 ipsa
1319 3283 1458 3347 quoque,
1488 3284 1568 3348 quae

389 3349 447 3412 tibi
474 3349 640 3414 commissa
661 3352 722 3423 est,
751 3349 877 3413 Domini
899 3350 947 3413 tui
969 3367 1083 3434 sponsa
1104 3351 1244 3414 mutetur
1265 3351 1295 3414 in
1318 3351 1430 3415 melius
1452 3353 1568 3416 etiam

387 3453 427 3497 ne
450 3453 610 3516 quaquam
633 3434 737 3511 Sarai,
765 3435 820 3498 sed
851 3433 945 3500 Sarra
973 3435 1010 3500 de
1039 3439 1159 3500 caetero
1187 3436 1372 3500 nominetur.
1423 3436 1568 3519 Intellige

390 3539 470 3601 quae
482 3520 566 3594 dico;
589 3519 676 3584 dabit
689 3521 773 3584 enim
788 3521 845 3584 tibi
860 3520 1013 3585 Dominus
1034 3521 1237 3586 intellectum
1274 3521 1308 3586 Si
1323 3522 1441 3587 unicus
1464 3523 1568 3607 sponsi

387 3624 434 3679 es,
461 3625 501 3670 ne
530 3605 643 3669 dixeris
673 3605 818 3670 dilectam
849 3607 916 3670 eius
946 3606 1122 3690 Principem
1152 3625 1270 3683 meam,
1306 3608 1361 3672 sed
1383 3608 1568 3691 Principem,

388 3691 434 3754 nil
460 3696 553 3755 tuum
573 3691 606 3755 in
629 3709 666 3755 ea
687 3691 861 3768 vindicans,
882 3691 942 3756 nisi
965 3692 1047 3774 quod
1069 3712 1125 3778 pro
1148 3711 1197 3769 ea,
1219 3693 1245 3756 si
1267 3695 1452 3777 oportuerit,
1475 3693 1568 3758 etiam

481 3909 507 3976 a)
526 3907 610 3963 findet
627 3908 684 3961 sich
701 3925 752 3961 nur
768 3909 796 3962 in
815 3910 877 3962 zuei
894 3909 1110 3965 Haudscbriiten.

478 3979 575 4103 Ἓξ.
595 3978 638 4032 dia
650 3978 731 4032 Stella
747 3979 784 4060 im
797 3979 996 4062 gleicbaeitigen
1009 3981 1155 4062 Schreibeii¹
1168 3997 1201 4035 aii
1215 3979 1257 4034 die
1269 3981 1412 4065 Kardintle
1426 3983 1476 4052 (nr.
1490 3986 1568 4066 SED:

389 4051 504 4133 „Pareat
515 4066 546 4103 vo
564 4065 588 4102 is
604 4049 689 4114 Dens3
710 4049 773 4118 quid
784 4050 907 4132 faciatis?
937 4049 1370 4134 Sepultumlhoininem'revpcastis
1383 4053 1417 4106 ad
1436 4053 1566 4120 homines;

387 4121 547 4188 fugitantem
559 4135 636 4173 curas
648 4123 676 4173 et
686 4120 780 4173 mrbus
791 4137 862 4174 curra
874 4121 959 4174 donoc
972 4122 1148 4192 implicuistis,
1167 4126 1195 4176 et
1213 4121 1393 4176 immiscuistis
1411 4125 1505 4178 turbis.
1520 4165 1526 4178 .
1540 4165 1547 4179 .
1561 4165 1568 4179 .

387 4189 540 4274 Ridiculum
556 4189 672 4272 profecto
690 4190 803 4256 videtur,
822 4207 966 4272 pannosum
985 4191 1347 4276 homuncionemlassumiad
1365 4194 1568 4276 praesidendum

387 4259 800 4385 illtlEtllllttllt
812 4261 1002 4384 aluisii
1012 4278 1120 4386 itti?
1132 4267 1289 4387 llmlt
1296 4264 1569 4390 ¹tl¹xtls⁹¹¹l³·

388 4401 470 4456 inisse
486 4374 634 4455 hoo’cciani
651 4417 716 4472 opus
733 4401 792 4468 nc,
811 4401 857 4472 qui
875 4401 941 4455 iasii
958 4403 1090 4456 miraiiiia
1106 4375 1204 4472 inagis
1222 4351 1309 4459 eiiii:
1335 4351 1570 4476 praeeramffl

389 4472 496 4526 audiam
513 4487 699 4542 usquequaque
716 4487 749 4525 ex
763 4488 807 4526 ore
818 4473 969 4539 multorum,
988 4473 1111 4542 quonism
1129 4491 1146 4528 a
1163 4474 1275 4529 Domino
1292 4476 1392 4543 laetum
1409 4479 1452 4530 est
1469 4475 1568 4531 istud.“
