3617 5284
379 553 441 616 112

378 722 475 785 siam
512 739 692 785 evomere
727 723 1078 804 presumpserunt,
1121 722 1242 784 talem
1282 722 1322 785 at
1356 724 1437 784 tam
1473 719 1557 783 eri·

379 807 534 871 dentem
578 806 905 871 satisfactionem
946 807 1067 872 faciat
1109 806 1305 884 exbiberi,
1351 811 1407 883 ut,
1450 806 1558 870 sicut

321 898 324 903 '
377 894 596 958 multorum
612 911 734 957 aures
751 892 976 957 amaritudo
999 893 1192 958 sermonis
1215 911 1349 957 eorum
1370 891 1555 966 offendit,

378 981 437 1043 ita
467 979 586 1043 etiam
615 978 867 1043 satisfactio·
884 979 1035 1043 multos
1057 978 1102 1043 ad
1124 978 1226 1043 viam
1245 982 1394 1044 rectam
1416 977 1557 1042 debeat

377 1083 568 1129 revocare.
604 1064 676 1129 Non
692 1065 869 1146 acquiescat
883 1064 966 1128 idem
980 1064 1063 1128 filius
1085 1066 1191 1128 noster
1211 1065 1346 1128 consiliis
1367 1065 1556 1145 iniquorum,

378 1150 729 1215 consideretnovissima
743 1154 776 1214 et
790 1151 920 1232 antiqua
935 1152 967 1214 et
980 1170 1036 1233 per
1050 1150 1136 1214 illam
1147 1151 1229 1214 viam
1242 1150 1374 1228 incedat,
1389 1169 1445 1232 per
1460 1167 1556 1231 quam

377 1236 571 1300 Iustinianus
608 1241 641 1299 et
676 1236 728 1299 alii
765 1236 907 1300 catholici
943 1235 1145 1319 imperatores
1182 1235 1344 1300 incessisse
1376 1237 1555 1300 noscuntur.

378 1323 526 1405 llremplo
555 1321 709 1402 siquidem
739 1325 771 1386 ct
792 1321 964 1386 imitatione
986 1323 1111 1386 illorum
1133 1324 1165 1385 et
1186 1322 1335 1386 honorem
1356 1323 1388 1385 in
1411 1321 1501 1385 terris
1524 1323 1557 1384 et

378 1407 558 1472 felicitatem
572 1407 605 1470 in
626 1406 720 1472 caelis
742 1408 799 1471 sibi
821 1407 936 1491 poterit
956 1408 1124 1472 cumulare.
1161 1405 1225 1471 Vos
1247 1407 1351 1485 etiam,
1373 1407 1401 1472 si
1421 1427 1493 1471 eum
1517 1405 1556 1469 ad

377 1495 496 1557 rectam
519 1492 664 1556 semitam
685 1493 885 1570 reduxeritis,
908 1497 940 1557 et
960 1494 1051 1558 beato
1072 1493 1165 1558 Patro
1195 1494 1405 1577 apostolorum
1426 1492 1556 1577 principi

378 1583 504 1661 gratum
532 1578 713 1661 dependetis
734 1579 919 1661 obsequium
941 1581 973 1642 et
994 1579 1080 1644 vobis
1102 1582 1134 1644 et
1155 1579 1310 1643 aecclesiis
1331 1579 1443 1644 restris
1466 1596 1556 1642 suam

379 1665 599 1728 conservabitis
620 1665 807 1733 libertatem.
843 1663 989 1746 Alioquin
1013 1665 1133 1730 noverit
1155 1663 1329 1729 antedictus
1350 1664 1436 1728 filius
1450 1667 1555 1728 noster

379 1769 416 1813 er
438 1750 659 1814 ammonitione
680 1753 799 1829 restra
824 1751 944 1815 noverit
966 1769 1003 1814 er
1024 1751 1236 1833 promissionis
1258 1750 1456 1834 euangelicos
1477 1749 1556 1814 reri-

377 1839 452 1914 tate,
468 1835 551 1918 quod
565 1839 761 1901 sacrosancta
775 1837 918 1900 Romana
932 1835 1080 1900 aecclesia
1095 1855 1189 1920 super
1202 1835 1413 1901 firmissimam
1426 1843 1556 1920 petram,

379 1920 445 1986 Deo
467 1922 649 1998 collocante,
677 1921 825 1998 fundata,
847 1924 1100 2004 quantocumque
1121 1921 1285 1986 verborum
1307 1923 1433 1987 turbiue
1454 1921 1556 2004 quati·

379 2010 459 2084 atur,
480 2008 513 2071 in
536 2026 594 2071 sua
614 2007 771 2084 firmitate,
793 2009 975 2091 protegente
990 2007 1131 2085 Domino,
1152 2009 1184 2071 in
1207 2009 1348 2073 seculum
1370 2009 1465 2073 seculi
1487 2026 1556 2091 per-

371 2093 525 2180 manebit
561 2093 628 2157 Nec
642 2097 757 2171 autem,
779 2094 861 2158 sicut
874 2093 982 2171 nostis,
1005 2093 1128 2158 deberet
1142 2112 1215 2157 eum
1232 2097 1300 2158 tam
1322 2094 1452 2159 arduam
1473 2093 1555 2160 riam

380 2179 496 2260 absque
519 2181 621 2243 vestro
642 2178 769 2243 consilio
791 2181 1012 2263 attemptasse;
1036 2179 1119 2243 unde
1141 2179 1310 2258 credimus,
1333 2179 1417 2262 quod
1439 2179 1555 2244 auditis

379 2265 652 2330 ammonitionibus
666 2265 777 2329 restris
794 2265 939 2330 facillime
960 2265 1075 2349 poterit
1096 2266 1135 2329 ad
1157 2265 1279 2347 frugem
1301 2266 1430 2330 sanioris
1453 2265 1556 2342 studii,

379 2351 460 2414 sicut
481 2351 528 2415 vir
550 2349 701 2415 discretus
724 2354 756 2414 et
775 2351 947 2433 imperator
968 2350 1146 2428 catholicae,
1167 2351 1311 2416 revocari.

489 2553 523 2627 d)
547 2549 720 2622 satanan
743 2554 801 2622 der
822 2553 997 2623 deutschen
1022 2551 1170 2622 stacteo
1193 2570 1233 2620 ao
1256 2553 1317 2621 don
1340 2553 1447 2638 Papot

730 2665 879 2735 (naemu
898 2664 982 2720 aaa
999 2664 1070 2721 sau.
1088 2665 1138 2734 m,
1159 2665 1211 2734 m)

464 2763 614 2844 Quamvis
642 2765 778 2830 sciamus
800 2768 832 2829 et
853 2767 930 2831 certi
953 2766 1066 2844 simus,
1097 2765 1181 2848 quod
1203 2766 1384 2831 aecclesiam
1406 2765 1464 2830 Dei
1486 2765 1557 2830 tnn-

380 2849 486 2914 datam
513 2868 608 2933 supra
634 2851 759 2915 firmam
782 2854 906 2935 petram
931 2871 1033 2934 neque
1056 2853 1141 2916 renti
1161 2870 1263 2934 neque
1286 2852 1416 2916 flumina
1438 2855 1557 2936 tempe-

379 2937 499 2999 statum
521 2936 642 3018 possint
663 2937 798 3015 deicere,
819 2958 875 3003 nos
897 2941 1003 3002 tamen
1024 2937 1210 3002 infirmiores
1232 2941 1264 3002 et
1284 2938 1508 3021 pusillanimes,
1530 2938 1556 3002 si

381 3022 505 3102 quando
540 3022 719 3088 huiusmodi
749 3025 937 3106 contigerint
968 3025 1120 3108 impetus,
1155 3024 1350 3088 concutimur
1377 3027 1409 3088 et
1436 3027 1558 3089 conue-

379 3107 549 3172 miscimns.
590 3107 667 3172 Inde
688 3110 838 3174 nimirum
860 3109 995 3192 graviter
1017 3110 1190 3175 conturbati
1214 3129 1323 3174 sumus
1346 3115 1378 3174 et
1398 3109 1557 3174 conterriti

380 3194 537 3276 superbis
560 3212 641 3276 quae
662 3195 743 3258 inter
757 3199 894 3260 vesuam
916 3197 1116 3262 sanctitatem
1138 3198 1170 3261 et
1192 3195 1291 3260 tilium
1306 3198 1445 3260 vestrum
1466 3197 1558 3260 dero-

379 3280 546 3356 tissimum,
568 3279 730 3344 dominum
751 3282 893 3345 nostrum
914 3283 1150 3366 imperatorem,
1163 3283 1271 3364 magni
1292 3282 1375 3360 mali,
1396 3283 1457 3346 nisi
1468 3282 1557 3347 'Iloua

382 3367 516 3443 evenat,
546 3365 749 3430 seminarium
775 3368 936 3450 prebitura
957 3367 1110 3432 ridentur.
1154 3367 1309 3450 Equidem
1331 3387 1351 3432 a
1372 3369 1474 3433 verbis
1495 3368 1558 3432 illis

381 3470 462 3533 qnae
489 3451 523 3514 in
551 3451 665 3516 litteris
692 3453 804 3516 restris
825 3454 1080 3530 continebantur,
1109 3472 1188 3536 quas
1210 3473 1265 3536 per
1285 3453 1415 3518 nuncios
1437 3455 1558 3518 rastros

380 3537 638 3620 pmdentissimos
652 3539 685 3601 et
695 3538 939 3616 honestissimos,
954 3538 1115 3603 dominum
1125 3539 1344 3604 Bemhardum
1355 3542 1386 3604 et
1397 3539 1558 3604 dominum

380 3623 558 3687 Rotundum
572 3624 800 3701 cancellarium,
814 3625 1004 3689 venerabiles
1019 3625 1206 3709 presbiteros
1222 3625 1402 3702 cardinales,
1410 3625 1557 3702 misistis,

380 3712 535 3774 commota
549 3713 598 3774 est
611 3709 757 3775 universa
777 3729 828 3774 res
850 3711 974 3793 publica
994 3710 1116 3794 imperii
1137 3710 1252 3786 nostri3
1276 3729 1367 3775 aures
1388 3710 1557 3795 imperialis

379 3796 536 3879 potentiae
566 3815 604 3860 ea
631 3797 790 3879 pacienter
818 3796 925 3861 audire
955 3816 1018 3861 non
1044 3800 1215 3880 potuerunt
1236 3815 1338 3879 neque
1362 3816 1453 3862 aures
1474 3797 1558 3880 prin-

381 3882 486 4032 tlt?
497 3882 1558 4053 ,lllllllttmlrtldrdtffllttllldlllatullrtlttllt

381 4054 542 4118 sinistram
557 4054 771 4136 ambiguitatis
786 4055 1074 4140 interpretationem
1089 4056 1138 4119 vel
1153 4073 1306 4120 consensu
1322 4055 1425 4136 aliquo
1449 4073 1558 4139 appro-

381 4140 454 4203 bare
480 4158 539 4204 nec
566 4140 719 4205 audemus
746 4159 804 4204 nec
830 4160 1012 4224 possumus,
1041 4159 1076 4205 eo
1107 4141 1190 4222 quod
1217 4141 1343 4206 insolita
1364 4145 1397 4204 et
1417 4140 1558 4204 inaudita

381 4225 509 4290 luerunt
540 4244 642 4307 usque
675 4225 714 4289 ad
747 4226 825 4290 baec
851 4230 1001 4311 tempora
1044 4227 1180 4290 Litteras
1209 4229 1330 4302 autem,
1363 4243 1443 4308 quas
1469 4225 1557 4291 nobis

381 4311 520 4388 misistis,
541 4311 647 4376 debita
668 4331 739 4375 cum
754 4313 928 4377 reverentia
949 4312 1153 4395 suscipientes
1176 4315 1207 4376 et
1222 4313 1454 4394 amplectentes,
1475 4330 1558 4377 com-

381 4397 560 4461 monuimus
581 4397 681 4460 filinm
702 4399 851 4475 restrum,
873 4398 1034 4463 domiuum
1056 4401 1200 4462 nostrum
1221 4397 1456 4481 imperatorem,
1478 4398 1559 4462 ucat

380 4482 526 4560 iussistis,
548 4486 580 4547 et
601 4484 640 4548 ab
661 4502 697 4548 eo
719 4501 912 4567 responsum,
934 4484 1000 4550 Deo
1022 4483 1149 4567 gratim
1171 4483 1346 4568 accepimns
1367 4485 1445 4563 tale,
1466 4483 1558 4567 quale
