3617 5284
1359 582 1421 648 129

242 751 327 819 feudi
354 753 573 820 investituram
601 753 746 838 aprime
774 751 898 818 domino
927 771 989 818 nou
1016 752 1156 836 petierit,
1185 757 1342 818 transacto
1365 753 1425 820 hoc

243 840 360 924 spacio,
382 839 512 905 feudum
534 840 673 918 amittat,
702 846 734 906 et
756 840 795 906 ad
818 839 980 905 dominum
1001 838 1116 904 redeat
1159 839 1306 904 Firmiter
1328 840 1424 905 etiam

245 926 415 991 statuimus
436 930 503 991 tam
524 927 557 990 in
578 925 671 990 Italia
693 945 789 1009 quam
810 925 1005 1002 Alemannis,
1027 928 1072 1002 ut,
1095 925 1285 1008 quicumque
1305 925 1423 992 indicta

242 1012 365 1096 publice
380 1012 572 1096 expeditione
585 1015 715 1078 vocatus
730 1031 750 1077 a
764 1011 888 1077 domino
903 1031 961 1076 suo
984 1009 1024 1075 ad
1046 1011 1178 1076 eandem
1200 1011 1426 1096 expeditionem

243 1098 344 1181 spatio
372 1097 560 1182 competenti
589 1097 694 1163 venire
722 1097 933 1182 supersederit
959 1097 1009 1162 vel
1038 1097 1136 1162 mum
1161 1116 1217 1182 pro
1244 1116 1278 1162 se
1299 1097 1425 1163 domino

245 1183 467 1267 acceptabilem
498 1185 624 1250 mittere
657 1183 893 1268 contempserit,
925 1184 974 1248 vel
1002 1183 1167 1248 dimidium
1192 1183 1311 1249 reditus
1340 1184 1427 1249 feudi

243 1269 338 1335 unius
360 1271 434 1334 anni
456 1269 579 1336 dominc
600 1290 664 1336 non
685 1269 949 1354 ministraverit),
971 1267 1109 1346 feudum
1131 1269 1215 1352 quod
1231 1269 1427 1356 abepiscopo

244 1358 300 1421 ant
314 1356 353 1421 ab
369 1356 428 1421 alio
443 1355 567 1421 domiuo
589 1356 691 1432 habet,
713 1355 847 1434 amittat,
869 1362 901 1420 et
923 1354 1067 1420 domiuus
1089 1354 1173 1420 feudi
1194 1355 1229 1420 iu
1251 1375 1329 1422 usus
1351 1375 1426 1422 suos

243 1441 323 1506 illud
343 1441 503 1524 redigendi
525 1442 669 1506 omnihus
691 1441 791 1507 modis
813 1442 928 1506 habeat
949 1443 1145 1524 potestatem.

327 1527 489 1592 Preterea:
517 1527 665 1606 domtus,
691 1528 845 1606 marchia,
867 1526 1035 1592 comitatus
1058 1527 1096 1592 de
1118 1533 1239 1592 caetero
1261 1547 1324 1593 non
1347 1527 1426 1594 divi-

243 1615 345 1687 tatur;
369 1613 454 1678 aliud
476 1616 583 1678 autem
604 1613 748 1692 feudum,
770 1613 798 1679 si
818 1615 977 1679 consortes
999 1613 1169 1690 voluerint,
1193 1613 1357 1692 dividatur,
1379 1615 1426 1679 ita

245 1705 281 1764 ut
295 1717 403 1765 omnes
419 1699 474 1782 qui
493 1703 616 1783 partem
637 1699 722 1764 feudi
743 1701 861 1765 habeut
880 1699 945 1764 iam
967 1697 1057 1764 divisi
1078 1699 1128 1764 vel
1150 1698 1306 1764 dividendi
1329 1699 1429 1764 fideli-

244 1788 344 1850 tatem
359 1785 483 1850 domiuo
497 1785 621 1862 faciant,
635 1785 682 1850 ita
695 1788 802 1850 tamen
816 1787 853 1851 ut
866 1785 1021 1850 veusedus
1036 1804 1092 1870 pro
1107 1803 1170 1850 uno
1185 1784 1305 1851 leucoe
1321 1785 1427 1870 plures

245 1871 386 1936 dominos
399 1890 463 1936 uon
478 1872 681 1955 compellatur
695 1872 816 1950 hahere,
837 1890 897 1936 neo
918 1871 1063 1937 dominus
1085 1870 1216 1936 feudum
1237 1871 1303 1936 sine
1317 1872 1427 1936 volun·

245 1959 311 2022 tate
339 1957 545 2022 vassallorum
572 1957 612 2022 ad
639 1957 736 2021 alium
762 1957 947 2032 transferat;
980 1958 1122 2041 insuper,
1149 1956 1280 2022 utilius
1302 1957 1427 2022 vassalli

245 2043 408 2108 dominum
437 2042 613 2120 offenderit,
639 2045 742 2126 pater,
772 2062 792 2108 a
813 2043 938 2110 domino
959 2043 1144 2126 requisitus,
1174 2042 1309 2108 adducat
1327 2043 1429 2108 filium

246 2129 285 2193 ad
307 2127 562 2194 sahsfacieudum
583 2128 708 2194 domino
729 2129 779 2194 vel
800 2148 819 2194 a
840 2147 875 2194 se
895 2128 998 2193 filium
1020 2132 1153 2213 separet,
1176 2128 1313 2212 alioquin
1335 2127 1428 2194 feudo

245 2215 399 2298 privetu13
428 2215 455 2279 si
480 2234 552 2280 vero
581 2218 671 2298 pater
692 2215 760 2279 vult
782 2233 855 2279 eum
877 2214 1043 2291 deducere,
1071 2216 1108 2279 ut
1130 2214 1316 2292 satisfaciat,
1344 2214 1428 2280 filius

246 2303 353 2366 autem
380 2300 586 2384 contempnit,
614 2303 704 2384 patra
732 2303 855 2366 mortuo
880 2301 914 2364 iu
943 2300 1073 2366 feudum
1094 2320 1157 2365 nou
1179 2300 1339 2379 succedat,
1367 2301 1429 2366 nisi

246 2386 332 2471 prius
347 2385 472 2451 domino
487 2385 687 2462 satisfecerim
709 2386 839 2470 parique
854 2386 947 2452 modo
962 2387 1116 2452 vassallus
1131 2406 1186 2470 pro
1202 2386 1346 2453 omnibus
1361 2386 1428 2452 suis

247 2471 364 2539 bonisb)
387 2471 565 2537 domesticis
586 2471 688 2537 faciat

330 2557 414 2622 Illud
447 2577 571 2641 quoque
600 2557 800 2642 precipimus,
832 2559 884 2634 ut,
917 2559 942 2622 si
966 2558 1119 2623 vassallus
1142 2557 1181 2623 de
1209 2557 1302 2623 faudo
1330 2558 1429 2623 alium

247 2644 418 2708 vassallum
432 2644 584 2721 habuerit,
607 2645 639 2708 et
652 2644 806 2708 vassallus
820 2643 947 2708 vassalli
963 2643 1123 2708 dommum
1138 2643 1255 2708 domini
1270 2644 1320 2708 sui
1332 2643 1429 2710 offen-

246 2730 335 2807 derit,
357 2729 418 2794 nisi
437 2748 494 2813 pro
517 2728 641 2795 servitio
663 2729 792 2794 alterius
814 2729 933 2794 domini
954 2729 1005 2794 sui
1025 2731 1084 2795 hoc
1104 2729 1220 2807 feccrit,
1244 2749 1338 2813 quem
1360 2729 1427 2796 sine

246 2815 356 2881 fraude
372 2819 465 2880 antea
478 2816 596 2892 hahuit,
618 2815 710 2880 feudo
731 2815 878 2900 privetur,
901 2817 933 2880 et
955 2815 995 2880 cd
1016 2815 1178 2881 dominum
1200 2835 1302 2894 suum,
1325 2835 1343 2881 a
1367 2835 1428 2899 quo

246 2901 258 2965 i
279 2921 314 2966 se
328 2902 463 2978 tenebat,
485 2902 667 2979 revertatur,
688 2901 750 2967 nisi
764 2901 935 2983 requisitus
951 2901 990 2966 ah
1011 2920 1047 2967 eo
1068 2904 1197 2985 paratus
1219 2900 1315 2967 fuerit
1337 2902 1429 2968 satis·

247 2923 348 3052 licere
373 2986 483 3052 maiori
511 2986 650 3066 domino,
679 3006 774 3070 quem
801 2986 943 3064 offendit,
972 2989 1004 3052 et
1024 2987 1085 3052 nisi
1106 2987 1260 3053 vassallus
1282 2987 1429 3071 idemque

247 3073 408 3152 dominus,
437 3093 456 3139 a
484 3073 609 3139 domino
630 3092 687 3138 suo
708 3072 894 3156 requisitus,
926 3092 999 3137 eum
1021 3074 1075 3156 qui
1095 3074 1246 3139 maiorem
1268 3072 1429 3139 dominum

248 3158 377 3224 offendit
397 3159 583 3242 requisierit,
605 3162 642 3222 ut
664 3159 843 3236 satisfaciat,
865 3158 997 3223 feudum
1018 3158 1151 3225 amittat

332 3245 480 3310 Preterea
513 3245 540 3310 si
572 3245 611 3309 de
639 3243 731 3310 feudo
759 3244 842 3310 inter
869 3243 948 3310 duos
977 3245 1127 3311 vassallos
1149 3245 1190 3311 sit
1211 3245 1427 3324 controversia,

248 3329 365 3396 domini
386 3332 429 3396 sit
450 3330 592 3412 cognitio,
614 3332 646 3395 et
667 3349 724 3414 per
745 3349 819 3395 eum
840 3330 1050 3396 controversia
1070 3331 1264 3396 terminatur.
1299 3330 1334 3396 Si
1355 3351 1429 3397 voro

247 3418 329 3482 iuter
344 3417 505 3482 dominum
521 3419 553 3481 et
566 3417 738 3481 vassallum
753 3415 791 3481 lis
807 3416 934 3494 oriatur,
955 3435 1011 3500 por
1023 3435 1115 3501 pares
1137 3418 1240 3482 curiae
1264 3436 1283 3482 a
1305 3416 1429 3483 domiuo

248 3503 308 3568 sub
330 3503 433 3568 debito
455 3502 614 3568 fidelitatis
636 3501 813 3568 coniuratos
835 3503 1030 3567 terminetur.

333 3589 417 3654 illud
446 3607 569 3671 quoque
598 3588 787 3665 sanccimus,
816 3590 853 3653 ut
880 3588 914 3653 in
941 3588 1025 3654 omni
1056 3592 1249 3656 sacramento
1271 3589 1430 3656 fidelitatis

248 3674 418 3759 imperator
438 3674 625 3740 nominatim
646 3674 825 3759 excipiatur.

338 3874 355 3912 a
401 3875 451 3913 .u.
469 3858 488 3914 f
506 3857 575 3912 fehlt
591 3858 635 3913 hei
651 3858 753 3924 Waita3
771 3857 800 3928 h)
819 3857 887 3912 fehlt
904 3857 947 3912 hei
964 3857 1049 3914 Pertn.

381 3874 424 3984 {th
448 3928 496 3983 das
521 3927 621 3996 Stelleu
647 3929 719 3983 eines
741 3927 944 3983 Ersatzmaunes
963 3945 989 3984 u.
1008 3929 1057 3983 das
1075 3928 1222 3983 Ioslraufen
1244 3929 1282 3982 im
1304 3927 1429 3982 Belieheu

249 4000 296 4054 des
313 3999 424 4053 Manuos
442 4000 523 4054 stand
540 3999 603 4054 oder
628 3999 688 4054 dem
706 3998 869 4054 Gutdtinken
894 3999 941 4054 des
964 3999 1052 4054 Herm
1074 4000 1227 4054 tiberiassan
1249 3999 1335 4066 hlieh,
1360 3998 1429 4052 ltsst

250 4070 321 4125 diese
338 4069 422 4124 Stellc
439 4069 652 4125 unentschiedeu.
680 4069 759 4125 Nach
767 4069 901 4137 Weilaud,
919 4069 970 4124 Die
981 4069 1214 4124 Reichsheerfahrt
1225 4087 1249 4125 v.
1261 4067 1389 4123 Heinrich
1397 4067 1430 4124 V.

248 4142 291 4195 his
308 4140 344 4196 H.
357 4139 413 4208 VI,
431 4139 537 4196 Forsch
549 4140 611 4208 VII,
631 4145 681 4195 144
698 4140 748 4194 hat
766 4141 813 4195 der
831 4139 958 4194 Kaiser
976 4140 1026 4195 deu
1044 4139 1196 4195 Fdrsteu
1214 4140 1363 4210 gegentlber
1381 4139 1430 4194 das

248 4211 337 4267 Recht
352 4211 483 4337 besfleaen,
500 4229 532 4266 cu
550 4210 728 4278 entecheidem
747 4228 799 4265 ver
816 4211 958 4266 mitaiehen
970 4211 1025 4266 und
1036 4227 1088 4265 ver
1100 4211 1286 4266 desloshaufs
1297 4209 1433 4279 tsilhufh'g

249 4283 353 4337 werden
372 4299 401 4336 so
421 4301 443 4337 e.

310 4644 434 4696 littori,
449 4645 542 4686 Ιοιιιιιι.
558 4645 662 4686 (lemn.
677 4643 783 4686 ntectn
