3617 5284
365 527 407 589 72

367 697 435 749 statt
453 696 533 765 qued)
552 697 585 748 eb
604 695 753 766 antiquitus
770 694 882 748 Romani
901 695 1063 748 coronabant
1080 693 1215 764 patricios,
1233 711 1361 766 quemque
1378 694 1495 761 (sobiebt
1508 693 1548 747 Μ.

366 766 419 834 ein)
442 783 501 820 cum
524 766 639 821 omnium
664 766 800 820 voluntate
818 767 976 833 (sorbeasert
993 766 1030 822 M.
1049 768 1119 820 stutt
1136 765 1309 836 voluntatem)
1335 767 1360 819 ei
1377 764 1493 833 (schiebt
1510 765 1547 819 bl.

366 837 419 904 ein)
438 837 508 891 sicut
525 836 676 907 imperatori
696 837 872 903 decreverant,
891 837 919 891 in
938 837 1024 907 capite
1043 836 1131 907 posuit
1148 852 1210 903 suo;
1230 841 1258 890 et
1275 837 1467 891 ordinationem
1486 853 1550 906 pon·

367 907 468 962 tifioum
486 907 511 962 ei
528 911 717 962 concesseruut.

457 995 552 1062 Benro,
571 994 614 1048 Ad
632 995 785 1048 Heinricum
804 993 885 1064 (Mon.
905 993 993 1048 Germ.
1012 993 1038 1049 S.
1058 993 1085 1048 S.
1103 993 1151 1060 XI,
1170 996 1246 1061 670:
1274 993 1345 1047 inito
1363 993 1472 1065 proinde
1490 1011 1550 1048 eon·

367 1066 434 1132 silio,
454 1067 614 1148 approbante
633 1081 708 1120 sacra
719 1064 825 1134 synodo,
844 1065 1065 1119 conlaudantibus
1082 1066 1256 1128 senatoribus,
1282 1065 1427 1136 ceterisque
1447 1065 1548 1118 ciuibus

368 1137 501 1202 Romame,
522 1153 711 1218 procerumque
733 1139 762 1218 et
783 1135 938 1218 populomm
960 1134 1129 1218 cateruis-ibi
1147 1135 1323 1217 cpngregetis,
1348 1135 1482 1217 decretum
1508 1139 1551 1190 eet

368 1210 398 1261 ut
416 1223 460 1261 rex
477 1207 617 1261 Heinricus
635 1223 695 1261 cum
714 1223 841 1261 universis
861 1224 888 1260 ιιι
906 1207 1058 1260 monarchia
1076 1223 1179 1276 imperii
1198 1207 1249 1287 srbr
1260 1206 1462 1287 succedentibus
1474 1207 1550 1260 fieret

367 1278 495 1360 patricius
513 1277 591 1401 spcuti
610 1277 642 1331 de
654 1277 751 1330 Karolo
769 1277 867 1401 leoffius
886 1277 999 1401 leprl'mus
1010 1321 1016 1332 .
1028 1317 1051 1332 ..
1090 1277 1312 1400 lndutusdrgrtnr
1330 1294 1375 1400 rlex
1387 1277 1548 1331 viridissima

368 1349 493 1473 lull?
508 1351 1549 1500 ettssltlt.pullu.&terreret-‘turture{tuerit

369 1490 532 1554 discretione,
552 1489 619 1542 tales
631 1505 710 1570 secun
729 1504 772 1570 um
785 1489 868 1542 Deum
882 1489 967 1558 eliget
983 1488 1128 1560 pontifices,
1147 1504 1257 1558 quorum
1276 1488 1396 1542 doctrina
1414 1494 1549 1544 revocetur

369 1561 403 1614 ed
423 1561 535 1614 salutem
554 1559 696 1625 languidus
714 1560 792 1614 orbis.

458 1647 581 1712 Bonitho,
600 1647 642 1700 Ad
661 1646 772 1701 amicum
791 1644 878 1714 (Jeffe',
897 1646 1064 1701 Bibliotheca
1081 1647 1117 1711 H,
1142 1651 1194 1700 629
1213 1663 1239 1700 u.
1258 1650 1336 1714 dddl:
1373 1647 1460 1716 Igitur
1477 1650 1549 1718 post·

369 1717 1550 1856 reuertunturretruderetutelllluttltrttrlzffirt

369 1859 530 1929 subsequens
552 1806 614 1942 dm
640 1859 785 1912 macularet
809 1859 984 1913 commissum.
1022 1829 1091 1912 'reem
1117 1858 1266 1912 rumoribus
1283 1860 1372 1982 populi
1390 1832 1496 1914 illectds
1516 1891 1549 1900 -

369 1931 464 2000 quibus
488 1929 559 1984 credi
584 1947 634 1983 non
660 1932 778 1999 oportere
802 1929 917 1982 maxima
940 1929 1083 2000 propositio
1100 1931 1143 1982 est
1160 1960 1194 1968 -
1212 1929 1312 1984 tiranni
1331 1946 1373 1984 em
1390 1931 1546 2000 patritiatus

369 2000 497 2082 arripuit,
534 2001 591 2053 nasi
611 2001 701 2080 alique
718 2003 788 2053 esest
806 2000 834 2053 in
852 1998 941 2054 laicali
959 1999 1050 2054 ordine
1068 1998 1187 2068 dignitas
1204 2000 1358 2065 constituta,
1383 2017 1450 2070 quae
1472 2001 1551 2071 priri-

369 2071 432 2140 legir
451 2017 597 2141 possideret
614 2070 674 2140 plus
692 2070 862 2140 imperatoria
879 2073 1019 2140 potestate.
1048 2070 1094 2124 Set
1111 2070 1175 2140 quid
1193 2070 1243 2124 hac
1261 2071 1413 2125 calamitate
1432 2071 1551 2126 acerbius

369 2141 464 2212 quidve
481 2140 622 2207 crudelius,
640 2157 726 2210 quem,
750 2142 795 2210 qui
814 2140 892 2211 paulo
918 2144 979 2195 ante
1004 2140 1164 2195 Tusculanos
1192 2141 1316 2211 punierat
1337 2158 1384 2211 pro
1409 2141 1551 2208 tirannide,

368 2211 467 2266 eisdem
487 2211 619 2265 damnatis
638 2211 718 2265 vellet
735 2229 791 2265 esse
809 2211 961 2264 consimilis.
993 2211 1063 2276 Quid
1075 2227 1186 2281 namque
1205 2216 1254 2277 est,
1272 2212 1342 2281 quod
1355 2215 1469 2266 mentem
1481 2213 1552 2267 tenti

372 2283 421 2336 riri
440 2282 474 2336 ad
493 2285 597 2336 tantum
617 2282 701 2335 traxit
718 2282 853 2347 delictum,
871 2281 923 2335 nisi
942 2281 1011 2351 quod
1030 2280 1157 2335 credidit:
1214 2298 1229 2335 r
1252 2283 1411 2352 patriciatus
1435 2282 1551 2338 ordinem

368 2353 552 2407 seRomenum
571 2370 646 2423 posse
664 2351 786 2406 ordinare
804 2352 962 2423 pontificem.
990 2353 1045 2419 Set,
1063 2351 1129 2422 proli
1148 2352 1229 2417 door,
1247 2353 1294 2406 ubi
1312 2356 1354 2407 tet
1371 2354 1550 2425 episcoporum

367 2423 516 2493 prudentie,
546 2424 590 2478 ubi
618 2426 660 2477 tot
685 2423 751 2477 iuris
802 2422 914 2476 ritorum
931 2423 1050 2488 scientia,
1080 2426 1118 2490 ut,
1146 2423 1217 2492 quod
1244 2440 1295 2478 non
1324 2424 1401 2480 licuit
1429 2425 1551 2492 dominis,

368 2494 505 2548 crederent
522 2494 599 2548 licere
627 2493 730 2547 servis?
767 2440 827 2547 ddm
853 2493 930 2546 licuit
957 2493 1036 2547 elicui
1063 2493 1229 2564 imperatori,
1256 2511 1359 2548 summa
1385 2495 1495 2562 tenenti,
1522 2497 1551 2550 in

368 2563 493 2618 electione
512 2582 540 2618 se
559 2564 670 2618 alicuius
687 2563 799 2618 Romani
817 2563 950 2646 pontificis
967 2564 1095 2627 inserere;
1119 2563 1211 2618 licebit
1234 2563 1333 2618 homini
1352 2567 1400 2619 sub
1420 2569 1551 2636 potestate

368 2634 534 2689 constituto?
571 2634 618 2688 Set
643 2634 744 2688 dicent:
769 2635 893 2703 legimus
916 2639 944 2688 et
967 2651 1092 2703 magnum
1116 2634 1241 2688 Karolum
1266 2635 1422 2706 patritiatus
1446 2637 1551 2692 nomine

368 2705 544 2788 designatum.
561 2775 566 2788 ⁸
582 2704 657 2770 Quod
683 2705 854 2787 ellegerunt,
880 2722 962 2775 quare
979 2722 1032 2759 non
1048 2704 1255 2759 intellexerunt?
1291 2705 1463 2789 Temporibus
1480 2709 1550 2761 enim

369 2793 459 2845 magni
476 2776 568 2830 Karclr
587 2775 777 2830 Constantinus
802 2778 831 2829 et
847 2775 923 2830 Irene
941 2775 1117 2830 Romanomm
1143 2776 1328 2844 gubernabant
1349 2793 1505 2848 imperium,
1524 2781 1553 2832 et

368 2846 426 2901 ideo
450 2845 756 2972 eueellentissimomrefli0
770 2845 928 2900 Francorum
957 2845 1021 2916 quid
1046 2846 1158 2916 amplius
1185 2846 1229 2900 lris
1253 2847 1414 2918 temporibus
1441 2850 1552 2902 conferri

366 2917 462 3040 potuit,
509 2933 569 2971 uam
596 2921 671 2987 petre
757 2933 850 2970 manae
878 2917 952 2970 urbis
975 2917 1017 2971 rel
1041 2920 1214 2987 protectorem
1239 2917 1373 2971 rodmri?
1421 2918 1465 2972 Sic
1482 2920 1552 2972 enim

366 2989 508 3113 lutra.
525 2988 613 3112 ull:
631 2987 853 3112 leFll¹¹⁰lll1l
867 2987 1553 3114 10‘·le⁸⁰lts¹drl.r3t⁹⁸tltd⁰ut⁰me

367 3076 557 3210 eiusqobitum
587 3075 831 3210 Ludowionspesius
866 3076 938 3182 udde
971 3128 1072 3210 primus
1103 3129 1220 3210 onmium
1241 3075 1355 3198 prdgum,
1374 3101 1407 3184 'a
1434 3077 1552 3185 Rompaodo

367 3217 495 3268 sengurne
513 3203 703 3281 extraneorum,
722 3216 760 3280 rm
792 3199 884 3254 rialem
901 3203 1000 3253 meruit
1016 3199 1239 3286 benedictronemj
1258 3204 1287 3254 et
1305 3201 1372 3282 ideo,
1391 3201 1438 3271 qui
1456 3201 1552 3255 habuit

366 3287 562 3422 euentu.
582 3273 725 3421 litut,
738 3287 825 3422 roei·
840 3300 882 3395 ie
896 3267 1550 3422 decretulum.tribulet}
1627 3349 1630 3354 ·

367 3409 547 3465 Hildebrands
580 3411 625 3464 des
652 3411 796 3464 Patrrzrats
830 3415 998 3465 entlussern:
1041 3409 1106 3477 Qu,
1138 3428 1196 3464 erus
1222 3410 1420 3479 (Hrldebrandi)
1448 3413 1549 3467 salubri

368 3482 535 3552 acquiescens
558 3481 681 3547 consilio,
707 3481 874 3550 tyrannidem
904 3481 1063 3552 patriciatus
1093 3482 1215 3552 deposuit
1237 3482 1276 3535 cle
1324 3500 1356 3537 ue
1380 3483 1498 3539 Romano
1521 3488 1549 3538 et

369 3553 463 3623 populo
482 3552 625 3606 secundum
648 3552 758 3622 antiqua
780 3552 920 3622 privilegia
940 3552 1093 3606 electionem
1111 3552 1206 3606 summi
1226 3553 1301 3622 ponti
1320 3557 1397 3608 catus
1414 3555 1550 3609 concessit

455 3639 577 3708 Sigebert
594 3657 617 3693 v.
632 3638 784 3706 Gembloux,
803 3639 949 3695 Chronioon
962 3640 996 3693 ed
1014 3656 1038 3694 a.
1054 3644 1121 3696 1046
1141 3640 1222 3707 (Mon.
1233 3639 1320 3695 Germ.
1330 3641 1358 3695 S.
1368 3641 1394 3697 S.
1408 3643 1454 3710 VI,
1471 3645 1551 3708 3bfllz

367 3710 400 3764 eb
413 3727 443 3764 eo
453 3709 607 3780 (Clemente)
620 3727 664 3765 rex
676 3710 816 3764 Heinricus
828 3711 855 3766 in
869 3711 1053 3781 imperatorem
1064 3711 1237 3779 benedicitir,
1251 3712 1401 3768 iurantibus
1415 3713 1551 3780 Romanis,

365 3796 394 3833 se
415 3779 472 3834 sine
490 3781 547 3835 eius
565 3797 692 3835 consensu
711 3797 845 3852 nunquam
863 3797 959 3852 papam
977 3781 1114 3836 electuros.

455 3867 571 3922 Annales
599 3885 619 3922 s.
644 3868 758 3938 Benigni
775 3868 895 3923 Divionis
917 3867 965 3935 (ll.
990 3866 1022 3922 G.
1041 3867 1068 3923 S.
1087 3867 1113 3924 S.
1132 3870 1194 3936 VII,
1213 3870 1289 3993 23lp:
1324 3868 1455 3923 Defuncto
1483 3887 1552 3940 pan

367 3937 508 4004 Clemente,
528 3937 640 3992 Romani
658 3939 792 4010 petierunt
809 3956 868 3993 eum
886 3942 934 4006 (sc.
954 3937 1086 3993 Halinard
1104 3957 1128 3994 v.
1146 3939 1266 4009 Lyonla
1301 3940 1466 4010 imperatore.
1523 3958 1554 3994 oc

367 4026 479 4080 namque
498 4028 513 4064 a
531 4009 658 4064 Romanis
675 4010 818 4080 imperator
837 4009 902 4064 dats
919 4009 1031 4080 pecunia
1048 4027 1099 4064 non
1113 4027 1195 4081 parra
1212 4014 1343 4080 exegerat,
1369 4015 1402 4064 ut
1419 4011 1475 4066 sine
1493 4011 1551 4066 eius

367 4081 496 4151 permissu
514 4097 584 4151 papa
602 4097 654 4134 non
672 4080 821 4148 eligeretur.

531 4503 600 4544 Druck
615 4503 652 4544 der
667 4503 703 4544 Dr.
722 4503 871 4544 Wild'selrsu
886 4503 1052 4544 Bscbdrsokerol
1068 4503 1141 4553 (debr.
1157 4505 1268 4554 Parcus)
1285 4505 1397 4546 lldncberr.
