3617 5284
397 531 460 595 192

479 704 558 784 Quis
579 704 629 770 vel
650 721 760 769 oaeous
782 722 845 768 non
866 701 1079 786 deprehendat
1101 707 1166 768 tam
1189 699 1390 769 manifestam
1411 702 1574 782 malitiam,

393 791 557 856 meudaoia
589 794 656 855 tam
688 791 818 874 operta?
861 788 946 852 Nam
978 787 1042 854 lero
1074 790 1218 854 omuibus
1250 795 1361 854 notum
1390 792 1452 867 est,
1485 791 1574 856 euius

393 878 544 942 momenti
567 877 646 950 sint,
667 874 851 960 praesertim
873 875 905 937 in
928 874 1077 940 oleotioue
1099 875 1232 940 Romani
1254 875 1417 959 pontificis,
1439 878 1574 942 reetores

394 962 447 1040 illi
470 982 549 1045 quoe
570 962 610 1026 ad
632 961 783 1026 tuendam
803 960 958 1024 malitiam
981 979 1072 1026 suam
1092 961 1258 1026 oouoilinm
1279 961 1432 1045 Papieuse
1454 962 1575 1044 magui-

393 1049 474 1114 lioat
519 1048 578 1114 Cui
606 1066 669 1114 non
698 1052 746 1111 est
775 1045 955 1110 incredibile
981 1065 1033 1110 eos
1055 1046 1132 1111 bueo
1153 1051 1318 1124 annotasse,
1346 1048 1400 1129 qui
1422 1047 1574 1112 iaotituut

395 1134 456 1200 Sed
478 1137 555 1211 esto,
577 1133 661 1216 quod
681 1131 880 1196 interfuerint
895 1131 984 1196 initio
999 1132 1179 1214 iurgiorum,
1200 1132 1355 1216 numquid
1369 1132 1573 1216 Bloleudum)

392 1219 933 1387 lllldtdllltlbld
948 1215 1575 1388 tloli⁶bl⁰ll⁰bllilll⁸dl

393 1397 463 1455 tum
473 1394 530 1467 est,
553 1411 593 1456 an
607 1394 751 1466 reotores
773 1388 827 1470 qui
848 1408 905 1473 pro
928 1408 961 1454 ee
976 1389 1179 1454 iuraverunt?
1203 1389 1365 1473 Numquid
1380 1391 1457 1455 baeo
1470 1391 1576 1455 omnia

392 1476 568 1560 praefectus
599 1476 686 1553 vidit
718 1475 790 1539 erui
821 1478 855 1540 ot
886 1475 937 1539 eui
973 1475 1082 1539 urbem
1114 1475 1232 1540 intrare
1253 1494 1315 1540 non
1337 1477 1467 1559 lioetP*)
1512 1475 1573 1544 Sed

393 1569 426 1627 et
447 1564 530 1647 ipse,
551 1569 589 1627 ut
609 1561 780 1644 vulgariter
801 1559 861 1626 dici
883 1561 980 1636 solet,
1003 1559 1164 1626 Ootavieui
1186 1580 1282 1645 nepos
1305 1565 1354 1626 est
1374 1565 1407 1628 et
1427 1581 1445 1626 e
1467 1562 1575 1638 visino,

394 1651 431 1714 ut
451 1650 568 1714 rootins
589 1647 728 1722 dixerim,
751 1649 910 1728 oopnetm
933 1648 1041 1728 utpote
1064 1647 1176 1711 sororis
1198 1647 1289 1712 lilius.
1334 1647 1395 1712 Sed
1418 1648 1470 1712 elii
1493 1647 1575 1713 oives

393 1735 472 1800 bueo
499 1735 604 1799 omnia
632 1733 844 1817 inspexerunt
871 1735 909 1796 ut
929 1734 999 1796 tuto
1020 1732 1168 1798 iurarent
1211 1732 1374 1815 Numquid
1397 1733 1435 1796 ad
1458 1735 1576 1798 terrem

394 1819 491 1885 Siouli
521 1821 740 1885 aooeseerunt?
790 1817 888 1882 Plane
916 1817 1048 1882 fideliter
1076 1818 1244 1884 urminati
1273 1824 1349 1892 aunt
1377 1821 1490 1897 testes,
1519 1819 1574 1902 qui

394 1907 471 1971 baso
491 1905 603 1982 omnia,
624 1908 787 1988 praesente
810 1903 863 1968 illo
886 1922 973 1968 sauro
995 1903 1131 1980 eoncilia,
1152 1905 1342 1970 iuraverunt
1384 1905 1444 1970 Sed
1467 1904 1506 1969 de
1528 1905 1576 1970 iu·

394 1991 515 2057 dustria
542 1991 661 2055 nivibus
688 1988 819 2054 remissa
846 1995 896 2053 eet
924 1990 1094 2055 neeessitas
1122 1989 1305 2066 iuramenti,
1338 1991 1485 2073 quoniam
1513 2009 1575 2056 nou

393 2082 484 2142 erant
505 2079 615 2159 utique
637 2075 779 2140 iuraturi
823 2074 907 2139 Nam
929 2074 989 2139 etsi
1009 2093 1072 2140 non
1095 2075 1309 2152 eonscientiae,
1332 2079 1366 2140 at
1387 2076 1489 2142 fomes
1512 2077 1575 2142 dis-

394 2163 542 2246 pendium
554 2162 636 2245 apud
648 2161 788 2226 oonoives
801 2179 874 2225 suos
884 2160 1041 2226 ineurrere
1053 2161 1247 2226 verebuntur.
1262 2161 1430 2226 Caeterum
1444 2163 1576 2228 sanioris

393 2250 492 2332 pertis
520 2249 729 2313 numerositas
758 2265 821 2328 quo
849 2245 1003 2311 deduxit?
1048 2247 1081 2311 Si
1110 2247 1293 2331 prudentiae
1315 2250 1348 2311 et
1370 2248 1508 2313 iustitiae
1530 2249 1577 2312 iu·

394 2334 574 2400 ealnmitate
597 2334 762 2416 vigebant,
790 2350 852 2414 quo
872 2335 963 2398 motu
985 2335 1181 2398 recesserunt
1202 2352 1221 2397 a
1241 2334 1373 2399 veritate
1395 2337 1427 2398 et
1446 2333 1576 2411 iustitia

394 2439 490 2503 quam
505 2422 675 2485 tenebant?
711 2421 800 2484 Anne
815 2419 947 2501 peounia
961 2418 1016 2482 illa
1036 2419 1172 2501 oonupti
1194 2421 1277 2496 sunt,
1299 2439 1394 2501 quam
1416 2422 1576 2486 senatores

393 2526 428 2571 ee
450 2508 490 2572 ab
505 2506 675 2572 Oetavieuo
698 2504 852 2588 aooepisso
873 2503 1006 2570 oouieesi
1028 2511 1111 2582 aunt
1133 2509 1170 2568 ut
1190 2505 1330 2570 iurarent
1350 2506 1575 2589 promotionem

394 2593 470 2670 eius,
487 2611 567 2675 quae
582 2589 770 2675 reparationi
783 2609 947 2654 murorum
962 2609 980 2655 a
994 2589 1108 2674 populo
1123 2589 1247 2655 eddiota
1262 2596 1317 2667 est,
1332 2589 1576 2656 aeolementibus

393 2679 511 2756 multis,
533 2677 616 2760 quod
631 2696 694 2742 nou
708 2677 782 2740 lieet
795 2676 921 2740 mittere
937 2693 1006 2740 earn
1026 2676 1058 2740 in
1081 2677 1255 2754 eorbouem,
1277 2695 1312 2742 eo
1335 2675 1418 2758 quod
1440 2677 1575 2761 pretium

393 2765 554 2848 sanguinis
576 2765 648 2828 est?
683 2761 805 2826 Exilia
827 2780 940 2844 magno
956 2780 1051 2826 nervo
1073 2763 1130 2826 soli
1154 2763 1218 2827 tres
1240 2768 1469 2840 remanserunt,
1490 2762 1574 2845 digni

395 2851 521 2932 quidem
536 2849 717 2924 cardinales,
733 2847 772 2911 de
786 2847 901 2929 quibus
913 2847 1070 2912 Teutones
1085 2847 1117 2910 in
1128 2847 1239 2912 eastris
1251 2847 1367 2913 ferrent
1378 2850 1575 2913 sententiam.

477 2935 607 3001 Audiuit
616 2935 694 2998 baeo
704 2935 810 2998 onmia
823 2933 1000 2998 Willelmus
1015 2932 1232 3016 Papieusis**)
1254 2933 1419 2999 oardinalis
1440 2933 1473 2999 S.
1487 2933 1573 2998 Petri

393 3021 433 3086 ad
448 3021 587 3095 vineola3
610 3022 774 3104 prueeente
796 3019 924 3083 eoncilia
946 3039 1007 3084 nou
1029 3019 1163 3101 negevit
1197 3019 1260 3086 Sed
1283 3020 1358 3102 quid
1379 3039 1435 3104 pro
1450 3019 1574 3085 Viotore

392 3108 549 3172 asseruit?
584 3105 689 3185 Quare
702 3105 847 3187 neglecta
860 3107 911 3169 est
925 3105 1086 3170 attestatio
1103 3104 1193 3170 eius?
1229 3105 1474 3188 Interropaudus
1489 3112 1575 3180 erat;

393 3194 470 3258 satie
492 3193 576 3258 enim
597 3192 735 3257 babebat
755 3192 817 3255 oris
838 3195 872 3254 et
891 3190 1025 3274 peotoris
1048 3193 1080 3256 et
1102 3193 1254 3268 aetatem,
1276 3193 1313 3256 ut
1334 3211 1389 3274 pro
1412 3210 1446 3257 se
1468 3193 1575 3275 loque-

392 3281 486 3344 retur.
532 3278 594 3342 Sed
621 3279 714 3361 plane
743 3276 953 3358 iuterrogatus
983 3295 1045 3340 nou
1074 3279 1137 3350 est,
1166 3276 1249 3358 quod
1271 3276 1374 3342 iuerat
1394 3280 1575 3360 negaturus,

392 3368 425 3429 et
446 3366 579 3430 solenter
601 3363 759 3428 obmutuit
779 3361 814 3426 in
834 3363 983 3438 tumultu,
1010 3362 1065 3445 qni
1085 3362 1198 3428 furoris
1212 3361 1337 3428 videbat
1359 3363 1522 3447 impetum,
1544 3367 1576 3428 et

393 3451 475 3533 quod
490 3451 568 3516 bueo
580 3448 794 3533 praesumptio
815 3447 848 3511 in
861 3448 956 3530 ¹nullo
971 3448 1163 3531 praeiudicat
1185 3448 1408 3514 eoelesiosdem
1431 3449 1575 3514 libertati.

391 3536 501 3602 Unum
514 3539 622 3601 tamen
635 3534 764 3600 edoetus
779 3553 850 3598 aum
864 3534 986 3598 silentio
998 3534 1073 3612 eius,
1089 3536 1163 3616 quia
1177 3535 1231 3616 qui
1247 3535 1278 3598 in
1296 3537 1383 3600 ιιιιιιι
1398 3534 1575 3600 disorimine

396 3622 544 3687 eeclesiae
566 3621 647 3697 silet,
666 3639 731 3684 non
746 3618 870 3684 videtur
890 3619 930 3684 ad
951 3621 1139 3704 martyrium
1159 3637 1334 3703 properare.
1491 3633 1497 3652 ·

480 3708 514 3773 Si
528 3707 665 3772 Victoris
679 3705 756 3770 adeo
771 3723 849 3770 sena
863 3705 925 3770 fuit
939 3705 1056 3782 electio,
1079 3723 1175 3787 quare
1194 3705 1365 3770 oardinales
1387 3706 1521 3790 episoopi
1544 3708 1576 3770 et

391 3812 500 3858 omnes
514 3793 577 3871 alii,
599 3791 733 3876 exeeptis
748 3791 798 3856 bie
812 3792 923 3870 tribua,
945 3810 1024 3874 quos
1039 3795 1075 3856 tu
1090 3790 1218 3875 quidem
1231 3811 1370 3869 noveras,
1394 3791 1448 3856 eed
1464 3791 1574 3868 amodo

392 3879 530 3945 mundus
538 3881 694 3962 agnosoet
705 3878 929 3942 oouseoretioni
937 3877 1021 3942 illius
1027 3877 1214 3942 defuerunt?
1229 3875 1312 3956 Quid
1323 3877 1435 3942 asoitos
1445 3877 1575 3942 Tueoiae

418 4003 459 4116 f
482 4005 516 4101 *J
528 4003 752 4116 minumus,
770 4033 834 4087 uu
847 4033 894 4086 mr
907 4031 1092 4102 ιιιιριιιοιι
1105 4030 1234 4085 vernoune
1246 4049 1364 4100 genuen
1381 4033 1428 4098 so,
1447 4031 1513 4086 viro
1531 4033 1575 4087 ιι

392 4104 631 4230 ιιιι
667 4100 1576 4256 ιιιιιιιιιιιιιιιιιιιι

392 4245 439 4301 dee
466 4245 564 4300 Jabree
593 4251 669 4301 libb.
696 4276 730 4285 -
758 4244 835 4299 Naob
866 4243 915 4299 der
943 4244 1019 4298 botro
1048 4241 1145 4312 Synodr
1176 4259 1263 4298 waren
1289 4243 1332 4298 dre
1359 4243 1498 4314 Vorgiinge
1525 4261 1576 4298 rou

391 4316 515 4399 Oieterm
531 4317 579 4399 der
595 4315 699 4386 Synode
717 4316 835 4396 bekannt
852 4314 936 4369 durob
961 4315 1010 4402 des
1029 4313 1142 4414 Zeuffuir
1172 4314 1220 4368 des
1237 4314 1370 4396 ¹lohannes
1398 4314 1431 4369 de
1448 4313 1575 4398 Romano,

391 4388 449 4511 {lg
448 4404 500 4512 {¹1⁰
508 4387 667 4523 affabili,
677 4387 785 4512 Zgumpeg·
798 4386 893 4510 ¹breillr
916 4385 1034 4440 anbrbrt.
1063 4385 1076 4415 *
1095 4387 1105 4454 )
1123 4373 1194 4438 Uber
1211 4384 1337 4440 wilhelm
1354 4402 1405 4440 rou
1422 4384 1505 4440 Paua
1522 4384 1575 4454 νει.
