3617 5284
1367 567 1429 632 207

251 744 369 819 nerent,
382 741 443 807 hoo
451 741 556 824 ipsum
566 739 669 806 iurare
680 740 912 823 compellerent
929 743 962 804 et
976 757 1036 815 eos,
1051 739 1104 822 qui
1120 740 1239 814 nollent
1249 739 1308 804 hoo
1319 739 1430 816 faeere,

251 827 345 892 rebus
367 846 475 893 eorum
496 827 622 910 penitus
645 825 834 902 oonfisoatis,
856 823 1012 907 depositos
1035 826 1067 888 et
1088 825 1212 890 honoris
1235 825 1284 890 sui
1306 825 1430 908 eingulo

252 913 398 996 spoliatos
414 913 473 989 vel,
496 913 523 977 si
544 911 656 996 privati
670 911 813 976 heminae
835 910 959 988 inerint,
981 910 1015 974 in
1036 911 1185 976 membris
1206 911 1339 995 propriis
1362 930 1431 976 eru·

252 998 362 1064 daliter
384 998 580 1081 mutilatos*)
602 1016 622 1063 a
643 1001 709 1063 toto
730 998 861 1081 imperio
883 998 1105 1080 compellerent
1129 997 1263 1062 exulare.
1307 997 1431 1062 Plaouit

252 1084 436 1168 Imperatori
456 1084 557 1149 forma
578 1083 706 1150 oonsilii.

338 1170 401 1235 Sed
431 1169 658 1254 arehiepiseopo
686 1167 948 1252 Magdeburgensi
976 1172 1009 1232 et
1044 1167 1126 1244 aliis,
1161 1168 1215 1252 qui
1250 1172 1430 1252 praesentes
1547 1157 1548 1160 ¹

252 1259 349 1334 erant,
371 1255 520 1340 episeopis
542 1256 621 1320 dura
634 1255 704 1321 visa
717 1258 766 1320 est
788 1254 957 1320 admodum
973 1256 1005 1318 et
1020 1253 1159 1330 molesta,
1180 1253 1227 1318 ita
1241 1253 1324 1337 quod
1345 1253 1429 1319 idem

252 1340 529 1424 Magdeburgensis
542 1342 666 1406 nullum
681 1361 716 1406 er
730 1343 789 1408 hoe
801 1341 1013 1404 iuramentum
1020 1358 1054 1404 se
1061 1341 1221 1422 praestare
1228 1339 1429 1424 responderit,

251 1428 311 1492 nisi
339 1427 426 1511 prius
455 1427 645 1494 coloniensis
673 1427 796 1492 ordines
825 1428 858 1490 et
883 1425 1147 1490 consecrationem
1177 1425 1341 1510 raoiperet,
1373 1445 1430 1509 per

250 1532 346 1595 qnam
373 1533 498 1579 omnem
525 1513 751 1579 dubitationem
773 1513 812 1578 ab
834 1512 901 1577 eius
924 1513 957 1576 et
978 1510 1111 1576 aliorum
1132 1511 1307 1594 peetoribus
1329 1530 1430 1577 remo-

251 1602 346 1664 veret
388 1599 482 1666 Unde
504 1619 603 1682 quum
625 1600 677 1665 ille
710 1599 743 1663 id
771 1598 953 1682 promittere
981 1596 1184 1674 detrectaret,
1218 1597 1329 1664 aeriter
1356 1617 1429 1662 eum

250 1704 417 1768 aggressus
431 1689 481 1751 est
495 1685 675 1750 huiusmodi
688 1684 857 1768 imperator
871 1702 1022 1766 suamque
1034 1683 1062 1748 ei
1074 1683 1303 1766 malignitatem
1315 1683 1429 1768 impro-

249 1789 363 1854 perans
378 1772 477 1836 iratus
491 1772 524 1836 in
538 1791 612 1836 eum
626 1772 721 1836 verba
735 1773 784 1836 est
797 1771 999 1855 prosecutus:
1016 1769 1103 1846 ‚Eooe
1114 1768 1280 1834 manifeste
1292 1773 1429 1854 apparat,

249 1857 332 1938 quod
354 1857 437 1922 sieut
460 1857 592 1922 traditor
613 1860 645 1922 et
666 1856 810 1940 deeeptor
831 1856 864 1920 in
891 1855 1064 1939 perieulum
1086 1873 1192 1920 meum
1214 1874 1329 1939 papam
1351 1856 1428 1920 mihi

249 1941 433 2025 praeieoeris
455 1943 627 2026 ignoranti,
657 1962 756 2025 quum
778 1943 873 2007 etiam
906 1947 978 2006 ante
1010 1940 1217 2024 raoeptiouem
1250 1941 1429 2006 litterarum

250 2045 401 2106 mearum,
422 2048 462 2094 na
484 2029 522 2094 de
537 2027 746 2094 substituendi
761 2013 915 2113 pontilicis
931 2026 1079 2092 eleotione
1094 2029 1253 2106 tractores,
1269 2029 1305 2092 tu
1320 2029 1428 2092 statim

250 2131 323 2177 eum
343 2115 387 2179 Te
409 2114 512 2178 Deum
533 2115 699 2180 laudamus
722 2117 754 2179 et
767 2115 855 2180 iuxta
869 2113 1099 2196 beneplacitum
1114 2115 1206 2177 tuum
1220 2132 1337 2180 novum
1350 2113 1429 2178 mihi

249 2199 427 2281 pontificem
455 2200 590 2282 elegisti,
619 2201 690 2284 plus
720 2200 797 2266 mihi
825 2199 964 2284 proditor
984 2196 1085 2264 iaetus
1107 2217 1203 2281 quam
1224 2199 1427 2282 Mogontiuus

250 2285 376 2363 eleetos,
403 2305 496 2368 quem
518 2287 611 2352 huius
633 2286 770 2352 oriminis
792 2305 882 2351 reum
904 2284 1073 2350 deferebas.
1116 2283 1307 2350 Praesertim
1328 2305 1426 2370 quum

248 2370 301 2436 illa
323 2370 443 2436 dederit
464 2372 541 2436 mihi
562 2372 686 2437 salubre
708 2372 879 2449 ennodium,
902 2374 947 2448 ut,
969 2389 1006 2434 er
1027 2388 1087 2453 quo
1102 2370 1189 2436 Deus
1211 2390 1230 2436 a
1251 2372 1361 2455 prioris
1376 2391 1427 2436 ma

248 2458 385 2540 perieulo
412 2458 569 2536 liberarit,
601 2459 782 2524 nullatenus
808 2477 860 2523 me
888 2456 1053 2523 obnoxium
1086 2455 1220 2521 faeerem
1249 2458 1426 2524 sueoessori.

248 2541 342 2607 Nune
362 2562 435 2609 vero
455 2544 629 2610 neeessario
643 2547 676 2610 te
690 2544 812 2610 novaris
826 2542 1083 2628 eompellendum,
1104 2547 1141 2606 ut
1155 2542 1311 2626 laqueum,
1333 2563 1426 2627 quem

247 2630 379 2712 parasti,
406 2629 526 2714 primus
553 2631 703 2697 inonrras.
756 2630 798 2695 llt
826 2630 894 2712 aliis
928 2629 1024 2695 etiam
1055 2627 1088 2692 id
1121 2627 1221 2693 iaeere
1254 2631 1426 2696 recusanti-

249 2715 316 2791 bus,
337 2716 422 2781 solus
443 2716 571 2782 habebis
594 2717 697 2782 subire
730 2717 917 2800 perieulum,
949 2713 1031 2798 quod
1058 2715 1114 2778 tua
1141 2714 1263 2780 malitia
1287 2715 1426 2781 noseitur

249 2802 378 2866 caeteris
399 2806 638 2886 praeparatum‘
682 2801 735 2868 Sia
755 2821 828 2886 ergo
855 2803 908 2868 ille
931 2801 1129 2868 vehementer
1157 2799 1333 2879 adstriotus,
1362 2821 1425 2866 uon

247 2889 350 3034 potuit
371 2887 515 2967 evadere,
537 2889 612 2972 quin
634 2908 707 2954 enm
728 2889 863 2955 maximo
885 2888 963 2953 lietu
983 2886 1104 2970 primus
1126 2885 1213 2950 iuxta
1234 2887 1424 2970 praedietam

260 2991 379 3038 ormam
394 2973 512 3040 faoerat
524 2975 737 3040 iuramentum
752 2979 791 3052 et,
806 2975 959 3058 suseeptis
974 2971 1141 3050 ordinibus,
1163 2973 1424 3038 oonseorationem

247 3077 368 3141 quoque
390 3078 424 3124 sa
445 3061 641 3144 promitteret
661 3060 930 3145 reeepturum**)

340 3214 365 3282 *)
392 3215 443 3269 Die
467 3213 555 3269 Suada
583 3215 630 3270 der
645 3215 878 3284 Vorstimmelung
903 3214 972 3270 ielnlt
999 3215 1027 3268 in
1055 3215 1124 3270 allen
1153 3212 1326 3270 kaisarliohen
1344 3214 1425 3271 Sand-

247 3283 392 3340 suhraiben.
426 3285 467 3340 Ob
486 3285 600 3340 dissolbe
617 3285 737 3340 wirklieh
755 3303 805 3340 ron
821 3285 938 3340 Rainald
962 3285 1112 3356 bamtragt,
1140 3304 1190 3342 von
1208 3286 1255 3341 der
1272 3285 1425 3341 Beiulrsver-

247 3355 398 3425 sammlung
412 3355 509 3425 jedoeh
526 3355 601 3410 nieht
619 3373 678 3410 rum
696 3356 853 3411 Besehlusse
870 3356 985 3411 erhebeu
1003 3357 1107 3412 worden
1125 3357 1163 3412 ist
1189 3357 1253 3412 oder
1270 3358 1302 3412 ob
1321 3357 1359 3411 sia
1378 3359 1427 3412 aul

246 3425 304 3480 aine
321 3425 413 3482 Erfind
493 3427 540 3481 des
558 3427 776 3482 Brisiaehreibers
798 3426 969 3496 aurdakgaht,
996 3428 1114 3482 outuieht
1137 3428 1195 3482 sieh
1214 3428 1261 3482 dar
1278 3427 1423 3484 Kontrolle.

323 3498 364 3568 “J
382 3498 433 3552 Die
469 3496 600 3567 orderuug
611 3497 658 3552 das
672 3497 839 3553 Embisehofs
852 3497 1013 3552 'Wiohmauu
1023 3500 1173 3568 gegeniiber
1182 3498 1298 3554 Raiuald
1310 3498 1348 3552 ist
1356 3515 1423 3567 ganz

245 3567 438 3637 glaubwtirdig.
459 3569 517 3623 Dan
530 3568 580 3622 Em
597 3569 662 3638 fang
672 3568 837 3623 derWeihon
846 3568 930 3624 duroh
939 3568 1055 3624 Rainnld
1064 3570 1195 3639 bestttigt
1210 3569 1258 3623 das
1268 3568 1424 3625 kaiserliahe

246 3637 470 3695 Rundsehraiban.
497 3639 549 3693 Zur
590 3639 711 3694 aohrieht
725 3656 775 3694 von
790 3640 837 3694 der
852 3639 1037 3710 anfdngliehen
1052 3640 1213 3710 Weiganmg
1228 3640 1366 3706 Rainalds,
1381 3640 1424 3695 dis

246 3707 355 3763 Weihan
373 3727 406 3763 ru
423 3710 593 3780 empinngen,
617 3711 656 3764 ist
672 3727 705 3764 au
721 3710 886 3779 vergleiehen
903 3709 962 3766 eine
980 3710 1063 3765 Stalle
1081 3727 1128 3764 aus
1146 3711 1206 3766 dem
1224 3711 1319 3779 obigeu
1337 3711 1424 3764 Briele

245 3777 263 3832 J
264 3777 365 3834 ohanna
377 3798 400 3836 v.
411 3779 548 3849 Salisbury
559 3783 610 3851 (nr.
620 3781 675 3848 xi,
687 3781 704 3834 b
714 3781 814 3836 meiner
823 3781 1004 3851 Samrnlungl:
1022 3781 1079 3836 Nee
1090 3781 1173 3850 video,
1192 3798 1273 3852 quaro
1285 3781 1421 3850 (Regiual-

247 3849 315 3917 dus),
333 3867 413 3920 quum
424 3851 604 3923 episoopatrm
616 3852 730 3918 ambiat,
749 3851 883 3907 aViotore
900 3868 948 3906 suo
967 3851 1102 3907 distulerit
1119 3851 1272 3919 eonsecrari,
1290 3851 1343 3906 uisi
1361 3853 1424 3934 quia

246 3919 478 3975 imminentem
497 3922 634 3976 ruinam
651 3922 743 3986 timet;
761 3937 790 3976 so
812 3922 919 3977 urtailta
939 3922 1041 3978 manin
1058 3921 1301 3978 alexandrinisehau
1313 3922 1422 3978 Krarsan

245 3991 343 4045 bereits
360 3992 397 4046 im
413 3991 496 4046 Jahra
515 3997 592 4059 1160,
610 3992 679 4047 naeh
696 3993 743 4046 dar
759 3993 1092 4062 Paveserersammlung.
1119 3992 1184 4047 Was
1203 3992 1424 4062 dieAuslassung

247 4061 293 4115 des
316 4061 425 4116 Kaisers
447 4065 596 4132 gegeudber
619 4063 736 4118 Rainald
752 4063 872 4132 betrifft,
900 4081 929 4117 so
953 4063 1012 4118 htlt
1035 4080 1063 4118 es
1088 4063 1259 4119 Giesebreeht
1282 4064 1350 4118 wohl
1373 4065 1424 4119 mit

244 4131 332 4186 Raeht
348 4133 392 4186 fiir
408 4133 568 4202 unmtglieh,
587 4134 649 4188 dass
661 4133 798 4188 Friedrich
815 4135 891 4189 einen
901 4134 992 4201 Manu,
1010 4135 1057 4189 der
1074 4135 1129 4188 ihm
1148 4135 1242 4192 soehan
1259 4134 1423 4189 bomerlreus-

245 4207 325 4256 warte
340 4203 450 4257 Dianste
467 4204 591 4272 geleistat
607 4204 692 4272 hatte,
710 4205 751 4259 als
767 4204 892 4260 Verrtter
903 4222 929 4260 ιι.
941 4205 1072 4274 Betrliger
1089 4204 1284 4260 brandmarlte.
1318 4204 1422 4260 Anders

245 4273 319 4327 steht
335 4291 364 4327 es
381 4273 432 4328 mit
449 4274 509 4328 dam
527 4274 575 4329 aui
590 4275 633 4329 die
651 4275 731 4329 Wahl
748 4275 877 4330 Pasubnls
892 4275 944 4331 111.
1047 4275 1134 4330 liehen
1151 4273 1244 4329 Inhslt
1260 4275 1308 4330 der
1325 4276 1422 4330 lraisor·

244 4343 331 4398 liehen
348 4344 429 4400 Reda.
470 4344 537 4399 Sehr
562 4345 748 4415 glaubwirrdig
770 4347 809 4400 ist
825 4363 862 4413 as,
890 4345 953 4400 dass
1072 4346 1132 4401 dem
1155 4345 1226 4400 Tode
1250 4344 1358 4400 Viktors
1375 4346 1421 4402 Ill.

244 4412 400 4469 Errbisohoi
413 4414 522 4470 Kourad
539 4434 563 4472 ι.
581 4415 670 4472 Maius
697 4416 748 4471 den
765 4415 861 4472 Kaisar
877 4433 924 4471 vor
941 4417 1013 4472 einer
1029 4416 1205 4484 Fortoetrung
1224 4415 1270 4470 des
1288 4415 1422 4472 Sohismas

244 4488 363 4553 gewarut
379 4485 436 4542 ma
471 4487 541 4541 Dass
559 4487 644 4542 famer
660 4487 776 4542 Baiuald
800 4487 843 4542 die
860 4487 941 4542 Wahl
959 4487 1086 4544 Pssehals
1104 4487 1154 4544 ΠΙ.
1182 4486 1263 4542 ohne
1285 4487 1422 4544 Wissan
