3617 5284
1398 549 1442 614 lb

264 721 458 807 Augustinus
473 721 505 789 iu
520 722 597 789 libro
612 721 710 808 primo
727 721 764 788 de
781 721 920 789 doctrina
935 721 1104 788 christiana
1118 719 1243 806 dicit*):
1260 720 1359 798 „Cum
1370 742 1442 788 sero

264 813 359 876 etiam
382 813 434 886 eis,
458 812 509 892 qui
534 811 590 874 sibi
606 812 791 874 naturaliter
813 830 902 893 pares
926 813 1008 885 sunt,
1030 810 1089 873 hoc
1104 813 1153 873 est
1166 810 1351 885 hominibus,
1374 810 1442 890 qui-

263 898 338 961 libet
360 897 511 962 dominari
534 896 665 972 affectat,
693 897 894 960 intolerabilis
922 897 1047 960 omnino
1070 896 1214 978 superbia
1235 898 1309 958 est.“
1345 894 1440 960 Porro

264 983 439 1058 exorcistae,
462 987 498 1046 ut
513 983 655 1057 diximus,
678 1001 772 1065 supra
787 983 933 1046 demones
951 1000 970 1044 a
985 981 1051 1044 Deo
1073 981 1292 1062 imperium**)
1307 981 1439 1054 bebent;

264 1071 379 1149 quanto
395 1069 490 1150 igitur
505 1068 605 1148 magis
621 1087 715 1150 super
736 1087 796 1143 eos,
819 1068 871 1150 qui
894 1067 1077 1130 demonibus
1099 1067 1227 1130 subiecti
1251 1069 1283 1129 et
1300 1067 1441 1131 membra

263 1158 337 1218 sunt
348 1155 540 1217 demonum?
564 1153 596 1217 Si
612 1173 684 1234 ergo
694 1154 742 1217 bis
753 1155 878 1217 tanturn
893 1152 1088 1235 praeminent
1101 1153 1277 1228 exorcistae,
1294 1154 1440 1233 quanto⁸l

263 1240 396 1322 amplius
419 1238 615 1303 sacerdotes?

346 1342 513 1406 Praeterea
531 1342 631 1405 omnis
653 1360 706 1404 rex
721 1341 908 1404 christianus
931 1340 1102 1404 aderitum
1121 1341 1255 1415 ueniens,
1277 1344 1314 1404 ut
1328 1339 1440 1404 infami

262 1447 417 1492 carcerem
439 1426 558 1504 evadat,
582 1429 617 1490 ut
632 1426 669 1490 de
686 1427 820 1490 tenebris
836 1427 867 1488 in
883 1428 985 1490 lucem
1000 1427 1117 1500 tendat,
1140 1429 1176 1488 ut
1190 1425 1228 1488 de
1243 1430 1440 1508 peccatorum

262 1513 392 1576 vinculis
414 1513 445 1575 in
461 1513 520 1576 Dei
539 1512 651 1576 iudicio
668 1513 828 1576 absolutus
845 1515 1000 1595 appareat,
1011 1511 1190 1575 ‘sacerdotis
1206 1530 1295 1593 opem
1311 1513 1440 1594 supplex

263 1617 298 1662 ac
313 1599 508 1662 miserandus
524 1599 661 1680 requirit.
696 1596 773 1676 Quis
797 1600 902 1662 antem
923 1618 984 1661 non
1007 1597 1098 1660 modo
1114 1597 1310 1660 sacerdotum
1331 1617 1441 1662 verum

262 1685 355 1747 etiam
377 1685 536 1759 laicorum,
558 1684 588 1746 in
612 1685 757 1748 extremis
779 1685 913 1766 positus,
934 1703 990 1765 pro
1012 1701 1087 1746 suae
1109 1683 1231 1746 animae
1254 1684 1356 1746 salute
1378 1686 1441 1746 ter-

262 1771 327 1832 reni
349 1771 431 1851 regis
454 1769 631 1852 imploravit
652 1770 823 1833 auxilium?
849 1768 927 1848 Quis
942 1788 1013 1832 vero
1028 1787 1138 1849 regum
1153 1768 1202 1831 vel
1217 1769 1440 1850 imperatorum

262 1855 398 1936 aliquem
413 1855 617 1919 christianum
632 1875 669 1919 ex
683 1855 826 1937 impositu
849 1855 909 1918 sibi
925 1853 1024 1918 officio
1039 1855 1123 1917 valet
1144 1872 1231 1918 sacro
1254 1854 1439 1917 babtismate

178 1986 183 1996 .
262 1959 297 2004 ex
320 1941 431 2006 diaboli
454 1944 608 2024 potestate
624 1942 739 2024 eripere
764 1944 795 2004 et
809 1942 889 2003 inter
907 1940 985 2003 filios
1000 1939 1059 2002 Dei
1074 1957 1295 2003 connumerare
1317 1944 1440 2003 sancto-

262 2045 322 2107 que
344 2027 512 2090 ohrismate
534 2028 752 2109 praemunire?
785 2027 827 2089 Et
849 2025 931 2107 quod
954 2025 1126 2088 maximum
1148 2026 1250 2088 estin
1272 2024 1441 2088 christiana

260 2112 416 2193 religione,
440 2113 510 2194 quis
533 2132 639 2176 eorum
661 2113 744 2176 valet
765 2113 886 2194 proprio
909 2130 961 2175 ore
984 2129 1094 2192 eorpirs
1117 2114 1149 2174 et
1171 2110 1356 2192 sanguinem
1378 2110 1441 2174 Do-

262 2198 337 2260 mini
353 2199 524 2262 conticere?
548 2199 595 2262 vel
611 2199 660 2262 cui
675 2217 782 2262 eorum
798 2197 872 2261 data
891 2200 940 2261 est
955 2199 1093 2279 potestas
1108 2195 1224 2276 ligandi
1239 2195 1440 2276 solvendique

261 2284 292 2346 in
315 2284 399 2347 coelo
422 2287 453 2347 et
474 2285 628 2348 interra?
658 2285 703 2347 Ex
719 2285 831 2365 quibus
847 2286 953 2365 aperte
968 2282 1130 2363 colligitur,
1153 2284 1272 2362 quanta
1285 2284 1440 2364 potestate

261 2371 427 2452 praecellat
453 2369 588 2451 dignitas
611 2369 815 2433 sacerdotum.
851 2371 916 2432 Aut
945 2369 1015 2450 quis
1043 2387 1150 2431 eorum
1179 2371 1283 2450 potest
1304 2368 1441 2448 aliquem

262 2454 407 2518 clericum
428 2455 460 2517 in
483 2458 592 2519 sancta
614 2455 761 2519 aecclesia
783 2454 949 2518 ordinare?
986 2457 1104 2534 quanto
1126 2453 1229 2516 minus
1257 2472 1313 2535 pro
1336 2453 1441 2534 aliqua

261 2541 352 2622 eulpa
375 2559 446 2604 eum
462 2539 635 2623 deponere?
659 2541 802 2621 Namque
824 2540 856 2602 in
880 2539 1113 2603 aecclesiasticis
1136 2539 1293 2602 ordinibus
1315 2539 1440 2602 maioris

261 2629 309 2689 est
330 2626 502 2708 potestatis,
531 2626 682 2710 deponere
711 2645 806 2707 quam
835 2624 984 2690 ordinare.
1028 2625 1170 2707 Episcopi
1196 2624 1281 2687 enim
1307 2627 1439 2705 possunt

262 2711 337 2774 alios
360 2713 517 2794 episcopos
540 2713 689 2788 ordinare,
711 2711 765 2775 sed
786 2712 872 2775 nullo
894 2711 986 2775 modo
1009 2711 1075 2773 sine
1091 2710 1276 2773 anctoritate
1294 2710 1439 2792 apostoli-

261 2815 314 2859 cae
343 2797 424 2860 sedis
454 2795 614 2880 deponere.
651 2796 728 2876 Quis
750 2797 853 2878 igitur,
882 2797 931 2861 rel
952 2796 1088 2859 tenuiter
1109 2796 1235 2864 sciolus,
1262 2795 1438 2859 sacerdotes

261 2881 382 2945 dubitet
402 2883 527 2963 regibus
550 2883 717 2947 anteferri?
740 2882 857 2960 Quodsi
878 2901 968 2962 reges
990 2900 1045 2964 pro
1068 2882 1201 2964 peccatis
1224 2881 1289 2944 suis
1305 2899 1439 2944 111111-

260 2966 384 3115 dogibus
405 2971 480 3031 sunt
500 2969 672 3044 iudicandi,
700 2987 719 3032 a
748 2987 808 3049 quo
831 2968 945 3032 rectius
967 2987 1063 3048 quam
1091 2986 1110 3029 a
1132 2967 1272 3030 Romano
1294 2966 1438 3048 pontifice

259 3053 292 3115 iu
314 3053 386 3117 icari
409 3053 547 3116 debent?

344 3155 392 3220 Ad
415 3175 580 3232 summam,
612 3157 888 3238 quoslibet‘bonos
916 3155 1099 3219 christianos
1130 3156 1229 3218 multo
1255 3154 1438 3217 convenien-

259 3242 335 3318 tius,
372 3261 468 3322 quam
497 3242 595 3306 malos
624 3243 787 3325 principes,
823 3261 913 3323 reges
942 3240 1074 3322 intelligi
1106 3240 1202 3303 decet.
1259 3239 1318 3302 Isti
1346 3238 1438 3316 enim,

260 3328 390 3408 gloriam
423 3327 481 3391 Dei
517 3328 687 3409 querendo,
720 3347 753 3392 se
786 3329 868 3410 ipsos
903 3330 1029 3390 strenue
1060 3328 1189 3406 regunt;
1227 3329 1260 3388 at
1289 3325 1342 3399 illi,
1374 3344 1436 3388 non

260 3431 339 3493 quae
361 3413 418 3476 Dei
443 3412 593 3477 suntsed
616 3433 673 3477 sua
697 3416 890 3495 quaerentes,
915 3413 1039 3475 sibimet
1053 3412 1167 3487 hostes,
1190 3411 1266 3475 alios
1281 3411 1441 3492 tyrannice

259 3499 445 3581 opprimunt.
467 3499 508 3561 Hi
531 3500 596 3562 veri
617 3501 699 3581 regis
722 3499 853 3574 Christi,
886 3499 931 3561 illi
965 3517 1037 3561 vero
1070 3497 1182 3560 diaboli
1216 3515 1327 3578 corpus
1357 3503 1439 3558 sunt.

259 3584 316 3647 Isti
340 3585 378 3648 ad
401 3585 460 3648 boc
482 3585 540 3648 sibi
562 3585 725 3667 imperant,
749 3589 784 3649 ut
806 3604 877 3648 cum
900 3602 1023 3647 summo
1043 3583 1227 3665 imperatore
1244 3583 1441 3645 aeternaliter

260 3673 404 3751 regnent;
428 3670 552 3733 illorum
574 3689 645 3734 vero
668 3671 698 3733 id
720 3673 859 3754 potestas
885 3671 958 3751 agit,
984 3673 1021 3732 ut
1042 3688 1115 3732 oum
1137 3669 1336 3732 tenebrarum
1357 3667 1440 3750 prin-

259 3755 332 3903 3111,
356 3756 410 3838 qui
421 3775 478 3904 trex
493 3759 542 3820 est
557 3775 650 3839 super
665 3776 772 3820 omnes
787 3758 865 3820 lilios
882 3756 1052 3837 superbiae,
1075 3757 1202 3817 aeterna
1220 3754 1440 3837 dampnatione

280 3861 443 3924 rsperean.

343 3943 409 4008 Nec
431 3945 520 4009 ualde
543 3965 618 4010 sane
641 3946 819 4009 mirandum
842 3948 898 4019 est,
933 3943 1016 4024 quod
1042 3943 1116 4006 mali
1150 3941 1310 4024 pontifices
1332 3941 1438 4022 iniquo

259 4029 323 4110 regi
345 4067 386 4075 —
410 4049 512 4112 quem,
546 4032 667 4115 adeptis
689 4032 771 4094 male
792 4049 848 4114 per
870 4049 942 4093 enm
964 4029 1141 4104 honoribus,
1175 4027 1310 4108 diligunt
1337 4029 1439 4089 metu-

347 4219 373 4288 1)
391 4218 477 4286 magis
489 4260 495 4272 .
507 4261 530 4272 ..
549 4223 648 4288 quanto
667 4219 734 4272 fehlt
751 4218 792 4271 bei
811 4217 898 4286 Hngo
1109 4276 1121 4286 ..

348 4289 372 4356 *)
392 4288 433 4358 Op
452 4331 458 4342 .
477 4288 504 4342 S.
523 4289 666 4358 Augustini
689 4291 729 4343 ed.
749 4289 851 4343 Caillau
871 4287 917 4352 IV,
937 4292 996 4340 435.
1044 4287 1084 4351 **)
1102 4287 1174 4338 liber
1197 4283 1286 4337 diesen
1309 4283 1364 4336 und
1388 4283 1439 4336 den

260 4358 352 4426 obigen
371 4306 525 4412 duellum:
554 4360 700 4429 spiritualis
719 4361 862 4482 imperator
881 4376 902 4412 s.
921 4359 970 4410 das
988 4357 1142 4410 Pontificale
1159 4356 1315 4415 Romanum,
1343 4355 1375 4407 de
1400 4372 1438 4406 or·

260 4429 394 4483 clinatione
412 4429 607 4488 exorcistarum.
635 4432 677 4484 Sis
697 4447 748 4482 wer
766 4449 799 4483 11
817 4429 966 4498 gebrant-bt
983 4429 1025 4480 bei
1045 4427 1191 4480 derWeilre
1209 4442 1268 4479 zum
1278 4424 1439 4494 Exercieton,

260 4499 306 4553 der
324 4500 423 4553 dritten
443 4500 489 4552 der
507 4501 561 4554 vier
578 4501 700 4555 niederen
718 4501 837 4554 Weilreu.
