3617 5284
367 587 432 649 294

366 753 439 840 bill.
452 754 730 843 lronnnialbiede
743 755 1050 856 drlteiniranlsn,
1062 757 1284 862 weissenburg
1294 756 1341 843 is
1354 755 1445 844 lebr.
1463 757 1544 844 liii.

552 873 685 943 (Bdbmer,
703 874 773 928 Aeta
790 875 897 946 Imperii
916 874 1018 930 Seleota
1035 875 1058 943 1,
1080 879 1129 930 139
1148 875 1175 942 f,
1194 893 1233 930 nr.
1256 877 1326 941 138.)
1336 875 1361 946 *)

474 988 651 1055 Friderious
684 989 734 1053 dei
771 989 876 1072 grania
907 990 1122 1056 Romanorum
1157 990 1326 1073 imperator
1358 991 1391 1054 et
1423 1007 1548 1074 semper

367 1078 530 1173 augustus.
579 1075 627 1138 En
656 1075 760 1140 debito
787 1075 958 1159 imperialis
988 1075 1079 1141 offioii
1108 1077 1253 1140 tenemur
1280 1094 1337 1158 per
1365 1075 1547 1140 universum

366 1162 691 1244 imperiumnostrum
705 1180 772 1246 pro
793 1162 1041 1226 necessitate
1064 1167 1103 1226 ab
1124 1163 1236 1226 statu
1256 1161 1547 1245 provinciarum

366 1265 475 1330 paoem
504 1247 662 1325 ordinare,
691 1246 866 1312 ordimtam
893 1248 1208 1312 nostraauctoritate
1230 1247 1420 1311 ooniirmare.
1465 1245 1546 1312 Cum

365 1331 473 1415 itaque
494 1333 527 1397 in
549 1333 652 1416 prima
673 1333 828 1398 dominica
843 1333 1089 1415 quadragesime,
1113 1352 1173 1415 qne
1189 1333 1249 1398 init
1263 1331 1334 1396 XII.
1356 1333 1416 1396 kal
1431 1333 1546 1410 Martii,
1638 1351 1643 1359 ·

365 1418 398 1482 iu
413 1417 504 1502 opido
519 1419 705 1484 Wizenburo
729 1418 768 1482 ad
790 1417 948 1484 iaciendas
969 1418 1109 1484 iusticias
1122 1439 1178 1503 pro
1193 1418 1342 1484 tribunali
1358 1418 1546 1495 sederemus,

365 1503 574 1569 assidentibus
596 1505 684 1570 nobis
698 1503 888 1588 principibus
911 1503 973 1588 [et]
988 1505 1143 1570 nobilibus
1158 1505 1242 1568 illins
1257 1507 1347 1580 terre,
1370 1504 1546 1569 astantibus

367 1591 462 1653 etiam
483 1590 740 1656 ministerialibus
763 1594 795 1654 et
822 1590 1076 1674 provinoialibus,
1103 1592 1286 1672 annotisque
1315 1589 1409 1655 simul
1437 1589 1547 1654 devote

363 1676 597 1758 postulantibus
611 1677 745 1759 pao'em
766 1677 972 1759 antiquam
984 1695 1003 1741 a
1016 1676 1231 1761 predeoessore
1245 1677 1351 1741 nostro
1366 1675 1482 1740 Karolo
1493 1677 1546 1758 **)

365 1760 435 1826 divo
451 1764 584 1844 augusto
605 1762 794 1838 institutam,
815 1765 1094 1828 renovavimus
1115 1762 1217 1845 ipsam
1240 1761 1302 1844 [et]
1326 1779 1345 1826 a
1366 1761 1547 1846 proxima

364 1865 485 1930 pasoa
518 1847 564 1912 ad
594 1847 692 1912 duos
727 1866 848 1913 annos
876 1847 1093 1913 inviolabiliter
1123 1847 1347 1914 observandam
1369 1847 1545 1912 indiximus.

365 1931 468 1997 Huius
491 1935 600 1998 autem
620 1933 706 2017 paeis
727 1931 827 1998 forma
848 1937 913 1998 est:

453 2021 480 2081 1.
502 2017 625 2096 Villo,
647 2019 832 2084 villarum
853 2019 1112 2095 habitatores
1128 2019 1238 2096 elerici,
1253 2019 1406 2095 monaehi,
1421 2018 1544 2096 femine,

363 2106 560 2182 mereatores,
583 2105 723 2187 agrioole,
749 2105 935 2181 molendina,
965 2105 1111 2182 villioi,
1141 2106 1210 2186 qui
1239 2104 1286 2169 ad
1307 2104 1455 2169 fiseum
1480 2105 1546 2169 im-

364 2191 571 2274 peratoris
593 2191 818 2274 pertinent,
841 2193 1003 2256 venatores
1025 2195 1057 2255 et
1078 2191 1216 2256 ferarum
1237 2189 1442 2272 indagatores,
1465 2209 1543 2272 qnos

364 2276 532 2341 weidelude
554 2276 694 2354 dioimns,
716 2278 800 2342 omni
823 2276 872 2341 die
894 2295 1002 2360 paoem
1018 2278 1162 2353 habeant,
1184 2275 1244 2340 nisi
1266 2275 1318 2353 hii,
1341 2276 1394 2358 qui
1416 2277 1545 2357 laqueos

364 2362 501 2427 tendunt
522 2365 555 2426 et
575 2362 727 2446 oonpedes
748 2369 877 2447 ponunt,
901 2364 955 2445 qui
977 2363 1064 2427 nullo
1086 2363 1136 2427 die
1160 2365 1215 2427 aut
1230 2363 1295 2427 looo
1309 2361 1545 2445 paoemdebent

364 2448 567 2532 habene.***)

450 2535 479 2597 2.
501 2533 535 2598 Si
557 2534 627 2616 quis
656 2534 771 2598 habeat
800 2533 976 2610 inimicum,
1005 2551 1100 2614 quem
1128 2533 1273 2616 persequi
1302 2534 1447 2609 voluerit,
1475 2551 1545 2616 per-

363 2623 514 2702 sequatur
536 2638 609 2684 enm
640 2620 680 2684 in
709 2639 843 2704 eampo
873 2621 990 2702 absque
1023 2619 1158 2703 dampno
1190 2638 1296 2683 rernm
1328 2638 1457 2683 suarum
1490 2622 1545 2683 aut
1596 2663 1600 2669 ·

364 2706 466 2789 oapiat
493 2725 574 2781 eum,
601 2706 709 2770 statim
737 2705 830 2771 indioi
857 2707 960 2789 ipsum
988 2707 1205 2788 representans
1228 2705 1436 2769 iudicandum.

250 2863 255 2874 ¹
449 2793 478 2855 3.
501 2791 592 2871 Quod
620 2792 647 2856 si
673 2810 746 2856 rens
775 2792 814 2856 ad
843 2794 999 2870 aratrum,
1029 2790 1242 2856 molendinum
1265 2811 1320 2855 seu
1343 2791 1450 2855 villam
1472 2809 1544 2856 oon-

365 2876 490 2958 lngerit,
511 2878 603 2942 firma
624 2896 700 2962 paoe
722 2878 868 2961 potiatur.

449 2966 479 3026 4.
502 2962 653 3045 Persequi
674 2982 746 3028 vero
767 2963 929 3027 inimicum
951 2963 1030 3026 nulli
1052 2962 1230 3028 oonoeditur
1250 2962 1310 3026 nisi
1327 2963 1419 3027 oertis
1434 2962 1542 3027 diebus

362 3049 396 3112 in
424 3049 613 3133 septimane,
642 3049 786 3115 videlieet
813 3048 891 3114 feria
919 3048 1070 3124 seeundo,
1099 3049 1210 3126 tereia,
1240 3051 1353 3131 quarta
1382 3067 1481 3130 usqne
1511 3049 1542 3111 in

363 3153 507 3200 ooossum
529 3135 620 3210 solis;
644 3135 712 3200 aliis
734 3138 869 3218 quatuor
891 3134 1000 3199 diebus
1021 3135 1148 3219 plenam
1169 3153 1279 3219 paoem
1302 3135 1446 3198 habeant

449 3223 478 3285 5.
501 3220 536 3285 Si
558 3222 628 3303 quis
649 3221 823 3303 lugientem
849 3221 1011 3286 inimicum
1039 3221 1215 3304 insequitur
1243 3238 1343 3302 usqne
1374 3220 1413 3284 ad
1435 3220 1541 3284 villam

363 3309 395 3371 et
415 3307 524 3391 inpetu
547 3309 632 3390 equi,
661 3327 724 3373 non
746 3325 804 3372 sna
825 3311 944 3391 sponte,
964 3307 998 3370 in
1020 3307 1093 3370 villa
1116 3307 1237 3372 delatus
1260 3305 1368 3384 buerit,
1397 3307 1430 3370 iu
1451 3309 1542 3390 porta

365 3393 435 3458 ville
456 3392 597 3459 lanoeam
626 3395 658 3458 et
679 3412 780 3472 arma,
810 3394 925 3475 quibus
953 3393 1068 3458 absolvi
1099 3397 1216 3476 potest,
1250 3393 1379 3467 abioiat3
1412 3391 1541 3456 invilla

451 3595 477 3677 *)
495 3594 610 3648 Bbhmer
633 3594 694 3662 gibt
718 3592 760 3648 die
778 3594 953 3648 interessente
971 3591 1098 3646 Urbnnde
1115 3591 1184 3646 naoh
1201 3591 1250 3644 Hs.
1269 3591 1344 3646 Harl.
1366 3594 1435 3644 2800
1454 3589 1503 3645 vol.
1523 3593 1539 3643 ‘2

362 3666 409 3720 des
432 3665 578 3720 britisahen
596 3664 738 3719 Museums.
781 3663 842 3732 Vgl.
870 3665 935 3718 tiber
960 3663 1073 3718 diesolbe
1098 3663 1197 3728 Broolr,
1225 3663 1275 3716 Die
1300 3661 1470 3728 Entstehuag
1494 3661 1540 3714 des

361 3735 553 3791 Fehdereohtes
576 3737 613 3789 im
637 3734 780 3789 deutschen
798 3733 896 3788 Reiohe
920 3734 966 3788 des
991 3733 1162 3788 Mittelalters
1190 3733 1215 3786 S.
1235 3737 1270 3786 32
1298 3732 1374 3786 Arum.
1393 3736 1424 3796 3;
1454 3729 1540 3796 Klioh,

361 3807 413 3862 Die
434 3806 817 3875 Landffiedensbestrebnrigen
840 3805 935 3859 Kaisar
958 3803 1107 3858 Friedriohs
1125 3804 1146 3860 1.
1174 3803 1200 3858 S.
1221 3808 1340 3870 ott-bb,
1369 3801 1541 3856 Giesebreoht

362 3895 386 3932 ι
405 3876 479 4016 αθ).
492 3877 696 4016 &0932me
719 3947 846 4001 sniKarI
871 3947 923 4000 den
941 3945 1055 4000 Grossen
1078 3945 1207 4014 gesohah,
1236 3944 1293 3998 vveil
1318 3959 1379 3997 man
1403 3944 1461 3998 sioh
1480 3943 1541 3998 den·

360 4019 450 4074 selben
468 4019 508 4074 als
527 4019 578 4072 den
594 4017 768 4086 Geeetngeber
785 4017 950 4072 sohleohthin
970 4016 1078 4082 daohte;
1096 4033 1146 4070 non
1164 4016 1247 4070 seiten
1265 4013 1413 4069 hieriricho
1432 4014 1469 4068 ist
1487 4015 1540 4068 die·

360 4091 432 4144 selbe
450 4107 495 4144 um
514 4107 542 4143 so
560 4089 748 4158 bagreiilioher,
767 4089 807 4141 als
824 4088 890 4142 Karl
910 4087 957 4140 der
975 4085 1071 4142 Grosse
1090 4087 1146 4140 sein
1164 4085 1274 4140 Vorbild
1293 4102 1354 4141 vvar.
1429 4151 1430 4154 Ἴ

419 4161 476 4227 m)
495 4160 550 4214 Fur
567 4160 610 4214 die
622 4159 790 4227 Aninahlung
808 4159 855 4213 der
873 4158 1012 4225 „villarum
1028 4157 1208 4211 habitatores“
1228 4156 1283 4210 und
1301 4155 1348 4210 der
1367 4157 1475 4223 „villici
1494 4157 1538 4226 qui

360 4231 395 4286 ad
412 4231 504 4286 fisonm
523 4229 688 4313 imperatoris
705 4230 854 4300 pertinent‘
880 4233 958 4282 unter
986 4227 1036 4282 den
1053 4227 1212 4282 befriedeten
1231 4229 1361 4281 Personen
1379 4226 1464 4281 findet
1482 4227 1538 4281 sieh

259 4360 262 4365 ⁴
359 4302 420 4355 hein
438 4299 768 4370 anderwertigesBeispiel.
806 4299 843 4353 Zn
861 4299 912 4353 den
930 4303 1066 4353 venatores
1084 4298 1136 4366 vgl.
1149 4298 1268 4352 Elstisser
1280 4297 1386 4352 Landfr.
1399 4297 1503 4351 Artikel
1524 4305 1536 4353 1

359 4372 420 4439 (Βά.
440 4377 465 4438 3,
484 4371 599 4440 Anhang
617 4373 634 4424 b
652 4371 751 4424 meiner
768 4371 942 4438 Sammlnng),
962 4387 992 4423 zu
1012 4370 1058 4423 der
1075 4369 1278 4438 hinuugefiigten
1291 4367 1400 4422 Klansel
1420 4367 1537 4423 Sohrvllb.

359 4443 465 4566 ffiffi.
484 4441 661 4568 ffifflum
691 4441 752 4510 qu.
771 4446 797 4507 3,
822 4440 937 4510 Anhang
955 4449 977 4508 o)
1007 4439 1061 4493 und
1087 4438 1247 4494 Constitutio
1276 4439 1307 4492 da
1335 4456 1397 4507 paee
1424 4437 1538 4494 tenenda
