3617 5284
1386 550 1428 614 39

249 719 387 801 gladium
409 721 603 784 materialem
626 721 659 784 in
678 721 780 806 ipsum
796 719 1043 784 Hildebrandum
1057 719 1261 802 praecederet,
1283 725 1429 801 atquem

249 806 405 888 praesules
425 806 639 870 ecclesiarum
671 807 758 889 prius
792 825 810 870 a
843 806 976 888 superba
1006 806 1196 888 praelatione
1232 805 1428 888 deponerent,

249 890 382 954 eundem
403 891 602 974 postmodum
623 893 736 974 regalis
765 893 904 974 potentia
934 891 1078 954 licentius
1105 891 1354 974 persequendum
1376 890 1430 954 de·

248 982 394 1041 cerneret.
428 976 507 1055 Quis
530 997 602 1059 ergo
616 977 756 1041 fidelium
779 979 832 1058 qui
848 978 938 1042 illum
953 978 1046 1052 novit,
1068 976 1276 1041 damnationis
1291 977 1428 1040 iaculum

248 1067 355 1127 contra
376 1063 479 1146 ipsum
500 1068 655 1127 metueret
678 1065 868 1144 intorquere,
896 1064 950 1144 qui
977 1063 1016 1126 ab
1038 1064 1164 1126 ineunte
1187 1066 1289 1126 aetate
1310 1062 1428 1126 mundo

249 1169 283 1213 se
304 1148 427 1212 studuit
445 1167 500 1232 per
521 1151 645 1213 inanem
661 1149 789 1230 gloriam
811 1149 907 1212 nullis
929 1147 1171 1230 suffragantibus
1192 1148 1312 1212 meritis
1333 1167 1430 1231 supra

249 1235 407 1299 bominem
418 1234 642 1312 commendare,
658 1239 689 1298 et
706 1235 827 1298 somnia
842 1240 874 1299 et
885 1234 1089 1298 divinationes
1103 1234 1242 1317 proprias
1254 1238 1286 1297 et
1297 1233 1428 1297 aliorum

249 1321 371 1384 divinae
392 1320 584 1404 dispositioni
606 1339 809 1403 praeponere,
836 1321 947 1383 habitu
975 1321 1146 1384 menachus
1167 1319 1276 1396 videri,
1306 1323 1338 1381 et
1358 1339 1429 1402 pru-

249 1407 382 1471 lessioue
396 1426 458 1471 non
474 1425 548 1482 esse,
572 1406 795 1470 aeclesiasticae
811 1405 999 1489 disciplinae,
1021 1405 1099 1469 nulli
1115 1404 1258 1468 subditus
1270 1405 1429 1486 maffl'stro,

250 1511 283 1556 se
307 1497 460 1556 extorrem
481 1492 630 1568 iudicare,
663 1493 821 1556 obscoenis
849 1491 1053 1555 theatralibus
1081 1489 1208 1554 ludicris
1229 1491 1314 1553 ultra
1334 1489 1428 1554 laicos

249 1579 405 1654 insistere,
436 1597 560 1642 mensas
587 1578 834 1642 numulariorum
860 1578 892 1640 in
920 1579 1041 1660 porticu
1071 1576 1303 1640 transeuntium
1327 1575 1428 1658 turpis

247 1665 326 1728 lucri
341 1665 443 1745 gratia
456 1664 577 1746 publice
593 1664 776 1727 observare?
797 1663 856 1728 His
868 1664 975 1744 itaque
987 1662 1167 1743 quaestibus
1179 1661 1310 1744 pecunia
1320 1681 1430 1725 cumu-

248 1751 321 1827 lata,
343 1751 499 1814 abbatiam
521 1751 603 1814 beati
624 1749 714 1813 Pauli
737 1750 859 1826 invasit,
883 1749 1082 1832 supplantato
1103 1748 1231 1820 abbate;
1257 1747 1328 1811 inde
1351 1747 1429 1810 arri-

249 1837 336 1919 piens
350 1836 640 1912 archidiaconatum,
663 1835 818 1917 quendam
840 1835 965 1898 nomine
980 1833 1139 1897 Mancium
1160 1837 1197 1896 ut
1219 1832 1278 1896 sibi
1292 1832 1429 1897 officium

249 1921 412 1998 venderet,
439 1920 619 2003 decipiendo
641 1921 778 1994 seduxit3
809 1925 854 1998 et,
876 1920 1005 1984 Nicolao
1026 1938 1109 2002 papa
1129 1918 1267 1995 nolente,
1290 1920 1429 1982 tumultu

248 2007 389 2092 populari
422 2007 556 2090 stipatus
589 2007 621 2070 in
647 2025 851 2070 oeconomum
880 2025 913 2069 se
940 2006 1112 2088 promoveri
1140 2005 1248 2085 coegit
1288 2003 1431 2083 Quatuor

248 2112 384 2174 namque
406 2093 617 2157 Romanorum
639 2092 819 2175 pontificum
842 2111 936 2176 super
957 2091 1097 2174 improba
1117 2095 1217 2154 morte
1240 2108 1295 2173 per
1316 2109 1429 2154 manus

249 2178 412 2244 cuiusdam
434 2179 492 2242 sibi
507 2178 610 2242 intimi
631 2177 779 2242 Iohannis
805 2177 922 2242 scilieet
935 2177 1105 2253 Brachiuti,
1126 2177 1289 2258 propinato
1303 2194 1429 2252 veneno,

249 2263 403 2329 homicida
418 2265 556 2328 extitisse
571 2263 770 2340 convincitur,
793 2269 837 2340 ul,
860 2263 989 2327 caeteris
1004 2262 1187 2337 tacentibus,
1204 2262 1269 2344 ipse
1286 2261 1429 2325 minister

250 2351 367 2427 mortis,
390 2354 519 2432 urgente
542 2351 651 2414 mortis
674 2349 812 2424 articulo,
835 2349 911 2412 diris
932 2347 1126 2424 clamoribus,
1147 2347 1221 2411 licet
1241 2365 1309 2411 sero
1324 2348 1430 2430 poeui-

250 2438 360 2512 tuerit,
389 2436 570 2501 testabatur.
606 2435 667 2499 Hic
696 2435 828 2516 denique
858 2453 949 2517 saepe
977 2433 1078 2506 dictus
1100 2433 1228 2516 pestifer
1249 2433 1319 2514 ipsa
1338 2438 1430 2497 nocte

250 2542 312 2604 qua
344 2521 438 2585 fernus
470 2520 636 2585 Alexandri
669 2540 766 2604 papae
800 2522 832 2584 in
865 2519 992 2584 basibus
1026 2518 1195 2583 Salvatoris
1228 2518 1430 2600 exequiarum

249 2609 347 2672 officio
362 2607 531 2684 fovebatur,
553 2610 657 2690 portas
673 2607 831 2670 Romanae
846 2604 933 2670 urbis
948 2609 980 2668 et
993 2608 1113 2687 pontes,
1134 2608 1245 2680 turres,
1267 2623 1303 2667 ac
1317 2604 1430 2667 trium·

249 2695 356 2776 phales
384 2713 482 2768 arcus,
508 2697 699 2756 armatorum
726 2693 831 2756 cuneis
858 2691 1004 2768 munivit,
1036 2690 1244 2754 Lateraneuse
1276 2689 1429 2773 palatium

250 2779 362 2843 militia
383 2783 560 2862 comparata
580 2778 735 2842 hostiliter
757 2777 926 2860 occupavit,
958 2777 1076 2840 olerum
1097 2794 1137 2840 ue
1159 2775 1287 2839 auderet
1308 2778 1430 2839 coutra-

250 2865 358 2940 dicere,
380 2885 452 2928 cum
474 2865 579 2927 nullus
601 2882 673 2926 eum
688 2864 781 2927 vellet
796 2862 917 2944 eligere,
940 2861 1051 2943 gladiis
1069 2861 1240 2925 satellitum
1256 2861 1429 2944 evaginatis

250 2956 381 3015 mortem
402 2949 549 3014 minando
571 2950 745 3032 perterruit,
767 2953 799 3018 et
819 2949 915 3032 priua,
938 2949 1095 3012 obsessam
1111 2947 1173 3022 diu,
1195 2946 1308 3010 assiliit
1325 2947 1430 3011 cathe-

250 3037 346 3113 dram,
362 3055 456 3118 quam
472 3054 582 3119 corpus
597 3034 733 3098 defuncti
748 3035 901 3098 obtineret
915 3034 1066 3097 tumbam.
1098 3033 1183 3096 Dum
1204 3051 1276 3096 vero
1299 3032 1428 3114 quidam

250 3141 285 3186 ex
301 3124 375 3204 ipsis
387 3121 546 3186 decretum
560 3121 678 3185 Nicolai
695 3139 792 3202 papae
806 3121 866 3182 125
883 3120 1061 3202 episcopis²l
1074 3119 1133 3182 sub
1146 3119 1344 3182 anathemate
1359 3137 1430 3201 pro·

249 3209 432 3290 mulgatum,
455 3207 563 3272 ecdem
584 3205 794 3270 Hildebrando
816 3205 965 3268 laudante
987 3204 1026 3268 ad
1043 3204 1225 3267 memoriam
1240 3204 1299 3267 sibi
1314 3204 1430 3268 vellent

249 3294 401 3370 reducere,
425 3293 508 3375 quod
530 3294 556 3357 si
580 3294 650 3374 quis
673 3292 739 3356 siue
762 3309 891 3356 assensu
904 3290 1039 3354 Romani
1053 3290 1201 3372 principie
1216 3290 1323 3372 papari
1341 3308 1430 3372 pree·

249 3383 393 3457 sumeret,
413 3399 476 3443 uon
497 3397 585 3462 papa,
608 3378 662 3442 sed
685 3382 826 3461 apostata
847 3377 885 3440 ab
908 3377 1051 3440 omnibus
1073 3375 1274 3452 haberetne)
1303 3375 1430 3456 negavit

250 3485 282 3530 se
304 3485 409 3548 regem
431 3467 555 3548 uspiam
577 3465 668 3540 scire,
702 3467 733 3527 et
767 3481 800 3526 se
831 3481 936 3546 posse,
969 3461 1110 3538 asseruit,
1133 3461 1320 3525 sententiam
1342 3480 1430 3543 prae-

250 3552 445 3616 decessorum
469 3570 598 3616 vacuam
619 3549 763 3614 iudicare.
806 3548 889 3627 Quid
917 3548 1029 3632 plura?
1072 3547 1144 3610 Non
1170 3546 1272 3610 solum
1302 3546 1429 3628 quidem

249 3638 362 3714 Roma,
385 3637 439 3701 sed
461 3637 527 3720 ipse
548 3637 708 3720 Romanus
731 3634 813 3699 orbis
835 3638 985 3710 testatur,
1007 3633 1097 3697 illum
1118 3651 1181 3696 non
1203 3651 1222 3696 a
1243 3632 1309 3695 Deo
1331 3631 1428 3696 fixisse

250 3724 391 3799 electum,
414 3723 468 3788 sed
483 3741 545 3786 ase
561 3722 626 3804 ipso
641 3721 681 3796 vi,
697 3721 814 3796 fraude,
829 3721 967 3804 pecunia,
984 3718 1251 3802 impudentissime
1267 3718 1429 3795 obiectum,

249 3811 338 3873 cuius
359 3808 480 3872 unctus
500 3807 691 3891 patefaciunt
712 3806 856 3882 radicem,
881 3807 970 3869 cuius
993 3823 1085 3888 opera
1106 3803 1308 3868 manifestant
1328 3803 1430 3867 inteu-

250 3895 373 3970 tionem,
397 3896 450 3976 qui
467 3894 710 3959 ecclesiasticum
725 3892 877 3956 subvertit
891 3891 1039 3967 ordinem,
1062 3891 1116 3972 qni
1133 3889 1293 3953 christiani
1309 3887 1430 3972 imperii

249 3981 442 4064 perturbavit
462 3981 616 4062 regimen,
650 3979 704 4060 qui
737 3979 803 4060 regi
837 3977 986 4042 catholico
1020 3995 1056 4040 ac
1087 3976 1212 4058 pacifico
1242 3975 1376 4057 corporis
1398 3980 1431 4038 et

251 4067 371 4130 animae
404 4067 538 4130 intentat
559 4069 708 4140 mortem,
737 4064 791 4146 qui
822 4063 983 4147 periurum
1016 4066 1047 4126 et
1071 4060 1261 4144 proditorem
1293 4059 1430 4124 defendit

250 4171 369 4233 regem,
399 4152 453 4234 qui
475 4152 557 4216 inter
578 4150 742 4215 concordes
765 4149 931 4214 seminavit
953 4147 1151 4222 discordiam,
1185 4147 1266 4209 iuter
1287 4145 1430 4228 pacificos

251 4238 330 4315 lites,
358 4239 440 4302 inter
460 4237 572 4302 fratres
594 4236 747 4313 scandala,
770 4235 902 4300 divortia
924 4235 1006 4298 iuter
1026 4234 1180 4314 coniuges,
1213 4234 1253 4309 et,
1282 4231 1430 4312 quicquid

340 4428 366 4497 a)
384 4427 452 4481 ieblt
474 4425 512 4479 im
536 4424 599 4480 Cod.
624 4423 840 4479 Haunoveranus.
876 4423 904 4493 b)
922 4422 983 4492 vgl.
1007 4421 1034 4476 S.
1059 4424 1101 4488 24,
1128 4420 1155 4476 Z.
1177 4422 1282 4473 10-16
1300 4418 1377 4489 (kaie.
1402 4436 1429 4474 u.

251 4499 347 4572 papstl.
366 4496 528 4567 Fassungl).
