3617 5284
259 2787 327 2871 (11)
341 2786 485 2852 Vidimus
500 2789 594 2852 etiam
609 2788 724 2872 scripta
738 2788 834 2852 Hein-

258 2874 313 2938 rici
341 2873 448 2938 Pisani
479 2874 642 2938 cardinalis
679 2874 719 2938 ad
747 2874 834 2939 dom-

259 2981 337 3025 num
370 2960 590 3042 imperatorem
633 2959 764 3036 directa,
800 2961 833 3023 in

260 3048 373 3130 quibas
421 3064 565 3128 expresse
611 3046 834 3124 continebatur,

1378 573 1439 636 173

863 741 1068 880 anumqsedueti,
1095 744 1187 809 postes
1205 741 1329 796 abierunt
1346 744 1441 795 retror-

862 829 930 866 sum.

863 883 939 952 (rod)
957 882 1097 936 Praeterea
1124 898 1172 935 nos
1200 881 1368 952 antiquorum
1394 898 1440 950 pa·

863 955 961 1008 trnm⁸l
976 952 1090 1021 vestigia
1107 955 1135 1006 et
1158 952 1291 1006 Romme
1316 953 1440 1006 ecclcsiae

862 1023 1078 1077 consuetudinem
1102 1023 1255 1089 imitantes,
1283 1022 1381 1077 librum
1408 1023 1440 1076 de

862 1094 918 1148 rita
936 1098 964 1148 et
982 1093 1147 1147 ordinatione
1158 1093 1336 1147 Romanorum
1353 1094 1439 1163 ponti·

861 1164 941 1218 licum
950 1181 1028 1234 snper
1038 1163 1169 1218 similibus
1176 1163 1263 1218 causis
1274 1168 1302 1217 et
1314 1163 1438 1218 dissensi·

861 1236 956 1288 onibus
961 1237 983 1288 b)
1002 1235 1030 1288 in
1039 1233 1125 1288 medio
1138 1234 1247 1288 concilio
1257 1233 1366 1288 fecimus
1377 1235 1440 1288 reci·

861 1307 923 1371 tari,
942 1305 989 1358 ubi
1000 1304 1242 1359 manifestissimos
1258 1304 1439 1375 comperimus,

862 1375 931 1446 quod
941 1375 1247 1444 inhuinsmodinegotiis
1255 1375 1330 1429 illum
1340 1391 1441 1443 semper

861 1449 956 1501 sauata
979 1446 1078 1500 statuit
1106 1445 1217 1499 emlcns
1234 1445 1440 1514 praeferendum,

863 1517 909 1587 qui
933 1517 1061 1588 petitione
1083 1516 1181 1588 populi,
1207 1533 1334 1570 consensu
1351 1519 1380 1570 et
1397 1515 1440 1570 de-

863 1587 960 1642 siderio
987 1588 1050 1641 cleri
1070 1604 1086 1641 a
1104 1586 1283 1640 cardinalibus
1303 1587 1375 1654 prior
1399 1589 1441 1641 est

862 1659 1037 1712 immantatus
1067 1659 1123 1712 etl)
1154 1658 1182 1711 in
1213 1656 1340 1711 cathedra
1367 1657 1440 1710 beati

862 1728 935 1784 Petri
954 1728 1104 1783 collocatus.
1131 1727 1202 1781 Illud
1215 1728 1305 1792 etiarn,
1325 1727 1395 1798 quod
1408 1727 1440 1781 de

862 1800 991 1854 Anaolcto
1004 1802 1032 1853 et
1051 1799 1155 1854 domino
1172 1798 1324 1853 Innocentio
1342 1798 1440 1851 nostris

863 1871 1027 1940 temporibus
1058 1868 1185 1923 accidisse
1214 1868 1367 1935 recolimus,
1405 1869 1440 1922 ad

863 1941 1016 1994 memoriam
1033 1939 1136 1994 concilii
1154 1939 1325 1993 nihilominus
1342 1941 1386 1992 est
1402 1955 1440 1992 re·

862 2014 992 2078 vocatum,
1013 2010 1091 2081 quod,
1103 2010 1168 2063 lioet
1178 2026 1232 2063 una
1249 2012 1277 2063 et
1295 2009 1385 2063 eadem
1397 2009 1439 2062 die

863 2083 941 2136 ambo
959 2080 1111 2134 immantati
1129 2079 1257 2146 finissent,
1281 2080 1327 2133 ille
1351 2079 1440 2149 potius

863 2157 905 2206 est
924 2153 957 2205 ab
977 2151 1087 2204 ecclesia
1106 2151 1281 2232 approbatus,
1300 2149 1374 2203 onius
1393 2150 1441 2203 irn-

862 2222 993 2276 mantatio
1019 2220 1108 2292 aliqua
1126 2221 1178 2274 drei
1196 2223 1271 2290 purte
1290 2221 1439 2289 praecessit.

865 2293 1006 2347 hsaeculo
1018 2308 1070 2345 non
1082 2293 1124 2345 est
1142 2290 1272 2358 auditum,
1291 2291 1361 2362 quod
1379 2294 1441 2361 post

865 2363 943 2416 unius
971 2360 1199 2416 immantationem
1227 2361 1269 2415 dis
1294 2363 1439 2428 hansacts,

865 2434 934 2488 clius
952 2436 1044 2502 postea
1062 2432 1142 2486 merit
1159 2433 1340 2486 immantatum
1378 2432 1440 2486 Rol-

865 2504 960 2558 lsndus
980 2507 1068 2557 autem
1086 2520 1137 2557 non
1157 2519 1209 2556 una
1226 2505 1366 2568 ommno,
1392 2503 1438 2556 sed

864 2575 1004 2629 undecima
1026 2577 1164 2627 transacta
1187 2573 1230 2627 die
1253 2575 1314 2642 post
1330 2573 1440 2626 imman-

864 2646 993 2746 tstionpm
1012 2644 1111 2698 domini
1128 2644 1243 2698 Victoris
1260 2643 1313 2698 init
1329 2644 1439 2698 immam

879 2787 1070 2855 ll)Praeterea
1078 2785 1192 2840 vidimus
1202 2784 1438 2855 scripuflcnuici)

889 2859 895 2870 '
929 2859 956 2914 oi
969 2857 1112 2912 cardinalis
1125 2857 1159 2910 sd
1176 2856 1309 2910 dominum
1327 2856 1439 2926 impera·

865 2932 949 2983 torem
962 2929 1071 2994 dimota,
1089 2927 1117 2981 in
1147 2927 1225 2981 uibus
1243 2942 1363 2996 expresse
1381 2943 1441 2980 con-
1499 2977 1505 2990 ,

864 2999 1009 3066 tinebatur,
1018 2997 1114 3082 quoda
1154 2997 1439 3052 umrsllenteoclesiae

866 3071 954 3124 sabim
981 3069 1108 3125 iudrcium
1138 3072 1167 3122 et
1192 3085 1307 3122 examen.
1353 3065 1440 3135 Super

902 3222 929 3292 a)
948 3221 982 3276 So
1001 3221 1049 3287 B.;
1067 3238 1092 3291 p.
1110 3220 1178 3275 fehlt
1196 3220 1238 3275 bei
1256 3219 1319 3275 MD.

900 3293 931 3349 bt
951 3291 985 3346 So
1003 3292 1049 3358 B.;
1067 3308 1089 3374 ⁰:
1108 3290 1134 3346 d.
1153 3291 1221 3345 fehlt
1237 3291 1280 3344 bei
1299 3291 1361 3346 MD.

901 3363 931 3500 ii
948 3362 1212 3514 gt'ni'ffsssthm
1228 3431 1271 3486 se
1289 3432 1353 3488 nn,

905 3516 930 3569 et
948 3507 968 3560 t.
987 3502 1055 3557 lehlt
1072 3503 1115 3557 ber
1132 3502 1164 3558 B.

902 3574 927 3641 *)
945 3574 1007 3643 Vgl.
1018 3573 1044 3629 S.
1059 3577 1109 3629 150
1119 3571 1208 3640 dnm,
1224 3573 1385 3627 namentlich
1397 3572 1440 3626 die

866 3645 927 3699 dort
939 3645 1043 3698 citierte
1055 3643 1137 3699 Stella
1155 3645 1191 3697 im
1204 3643 1346 3698 Sebreiben
1358 3643 1437 3697 Eber-

864 3715 947 3768 hards
961 3733 985 3770 r.
1003 3715 1136 3784 Bamberg
1158 3731 1193 3768 an
1211 3714 1262 3768 den
1280 3713 1437 3782 Sslzburger

864 3785 1031 3840 Erabischoll

882 3857 925 3926 **)
944 3855 1081 3910 Eberhard
1106 3873 1129 3910 r.
1155 3855 1288 3923 Bamberg
1311 3853 1388 3907 rohrt
1412 3854 1439 3907 in

865 3927 964 3981 seinem
994 3925 1134 3980 Schreiban
1172 3941 1207 3978 an
1242 3923 1379 3978 Eberhard
1414 3940 1439 3979 r.

865 3997 994 4066 Sslcburg
1012 3997 1052 4050 als
1069 3996 1140 4050 eines
1159 3995 1206 4049 der
1223 3995 1321 4049 Molire
1338 3994 1382 4048 ldr
1393 3992 1436 4048 dis

864 4067 978 4122 Paraser
1012 4066 1234 4135 Synodalsentena
1280 4081 1329 4118 an:
1376 4064 1439 4134 quia

865 4138 956 4192 domni
973 4136 1088 4192 Victoris
1106 4135 1273 4190 immantstio
1292 4135 1370 4205 prior,
1392 4133 1440 4188 illa

912 4208 1002 4275 terior,
1020 4223 1081 4277 quo
1108 4207 1183 4260 solo
1206 4204 1436 4260 Innocentius

897 4279 1033 4333 nacleto
1052 4276 1246 4348 prevaluit,
1270 4291 1342 4330 cnm
1359 4275 1441 4329 Ana·

865 4346 1441 4419 cletusplurssetmarimaescien·

866 4419 939 4474 tiae
967 4422 1003 4474 et
1031 4417 1262 4472 auctoritatis
1291 4416 1439 4471 haberet

866 4489 1042 4545 electores.
