3617 5284
1384 576 1422 639 11

247 747 373 829 redegit
417 746 481 830 Ipsi
508 749 614 810 umen
641 748 676 810 rt
697 764 789 810 canes
820 745 1082 830 impudentissimi
1107 746 1285 810 erubescere
1306 747 1424 810 nescie-

246 835 339 896 runt:
361 833 448 897 bons
462 832 633 897 meretricis
647 831 732 896 facta
746 834 795 895 eat
812 832 865 897 eis.
901 831 949 896 De
962 830 1148 914 quibusdam
1170 851 1243 897 vero
1265 831 1423 916 episcopis,

248 937 325 1001 qnos
352 919 565 1002 impostores*
593 918 639 981 illi
659 917 693 980 in
713 917 846 983 lacteae
867 919 929 982 iste
951 918 1009 982 sibi
1033 918 1220 1001 applaudere
1242 916 1423 999 gloriantur,

247 1005 335 1068 nobis
364 1023 439 1069 cura
467 1005 531 1068 vlla
551 1023 612 1070 non
635 1006 697 1080 est,
726 1004 910 1087 praesertim
933 1023 1005 1069 cum
1027 1003 1071 1068 nil
1094 1003 1132 1068 ad
1156 1021 1207 1068 eos
1230 1003 1266 1068 de
1288 1003 1422 1068 Romani

247 1089 405 1155 Pontificio
428 1091 576 1155 electione
598 1089 761 1173 pertineat.

333 1176 493 1258 Rogamus
520 1177 627 1258 itaque
656 1175 873 1239 discretionem
901 1179 991 1239 tuam
1021 1178 1053 1239 et
1074 1175 1106 1238 in
1134 1173 1267 1240 Domino
1289 1193 1424 1240 commo·

247 1279 376 1338 nemus,
404 1265 442 1326 nt
468 1263 495 1325 si
518 1262 692 1325 Romanam
719 1261 880 1325 ecelesiam
908 1261 967 1344 piis
998 1265 1088 1344 optas
1110 1260 1228 1325 solatiis
1257 1263 1289 1324 et
1311 1260 1422 1324 studiis

247 1346 418 1418 contenere,
440 1347 467 1411 si
481 1346 603 1429 imperii
618 1347 665 1410 tui
680 1346 892 1411 moderamina
905 1365 960 1430 per
983 1347 1088 1411 sedem
1111 1347 1198 1430 cupis
1212 1345 1424 1430 Apostolicam

248 1433 392 1508 roborari,
414 1452 486 1497 eum
509 1433 652 1496 Romana
673 1432 766 1496 simul
790 1432 919 1497 ecclesia
941 1433 1052 1515 sapias,
1075 1451 1175 1514 aequa
1196 1431 1284 1495 nobis
1307 1431 1423 1514 pietate

248 1517 413 1583 concordes
435 1522 467 1583 et
488 1518 649 1582 dominnm
670 1518 789 1602 Papam
810 1518 1011 1596 Anacletum,
1042 1537 1135 1600 quem
1157 1517 1295 1581 unanimi
1317 1537 1425 1582 omnes

249 1604 412 1668 deuotione
433 1603 646 1688 praefecimus,
669 1603 856 1668 catholicum
877 1603 997 1687 Papam
1019 1603 1149 1668 feliciter
1170 1621 1370 1685 recognoscas
1394 1606 1426 1667 et

249 1689 387 1754 debitam
416 1691 444 1755 ei
466 1689 740 1773 praedecessorum
768 1693 895 1754 tuorum
924 1709 1009 1754 more
1032 1689 1224 1754 effectionem
1246 1691 1426 1753 reuerenter

250 1775 401 1840 exhibeas.
429 1775 496 1840 Nos
518 1775 645 1857 quidem
668 1775 833 1856 aliquando
855 1777 887 1840 te
910 1784 972 1840 non
995 1775 1039 1839 sic
1081 1776 1150 1840 lene
1174 1774 1345 1851 dileximus,
1368 1774 1423 1839 sed

249 1861 324 1942 quia
338 1861 453 1926 domini
467 1862 572 1945 Papae
595 1879 733 1924 amorem
754 1861 878 1926 vberius
901 1861 981 1926 cirea
1003 1863 1035 1925 te
1057 1796 1178 1925 Aeruere
1200 1860 1423 1941 cognoscimus,

221 1960 225 1966 ·
249 1947 393 2012 eumdem
411 1945 491 2011 cirea
505 1950 537 2011 te
552 1949 584 2010 et
599 1947 679 2011 eirea
693 1946 840 2012 bonorem
855 1949 947 2011 tuum
970 1947 1109 2011 animum
1130 1965 1187 2012 nos
1210 1948 1331 2029 gestare
1354 1965 1425 2030 cog»

249 2051 367 2097 noscas.
404 2031 492 2111 Quod
509 2033 536 2097 si
551 2051 608 2096 nos
622 2031 764 2096 fortassis
780 2033 887 2096 audire
910 2033 1076 2109 distuleris,
1099 2032 1251 2130 propitius
1274 2031 1314 2095 sit
1336 2031 1423 2096 nobis

249 2118 349 2195 Deus,
387 2118 461 2200 quia
495 2119 590 2182 nullis
624 2118 798 2183 excessibus
831 2137 850 2182 a
881 2121 939 2182 tua
970 2137 1027 2183 nos
1060 2118 1223 2183 dilectione
1260 2117 1423 2181 conuelles.

248 2204 406 2268 Memento
421 2205 524 2281 etiam,
541 2203 624 2286 quod
634 2204 773 2268 Roboam
784 2205 850 2285 regi
860 2203 906 2267 illi
918 2203 1054 2286 contigit
1071 2204 1125 2286 qui
1137 2203 1262 2268 oonsilio
1274 2203 1424 2267 iuuenum

251 2290 416 2372 acquienit,
439 2293 472 2353 at
493 2289 690 2354 sacerdotum
712 2289 812 2354 noluit
834 2289 970 2355 consiliis
993 2289 1123 2354 obedire.

727 2482 935 2490 ———-—

248 2608 295 2694 ll.
326 2607 459 2695 inallet
484 2608 522 2693 ΙΙ.
554 2608 689 2694 rodoili
713 2608 815 2712 loger
840 2607 899 2694 den
928 2606 1112 2712 ltnigstitel
1138 2607 1234 2694 derel
1262 2607 1313 2693 die
1339 2607 1425 2694 lullo

589 2749 656 2812 ron
682 2727 731 2812 u.
758 2727 938 2833 seponto
964 2725 1089 2830 litt.*)

519 2856 686 2926 (women,
705 2858 783 2911 rona
802 2857 877 2912 aaa.
896 2857 975 2911 viae
992 2858 1028 2925 n,
1049 2861 1100 2912 roe
1120 2857 1158 2923 a.)

338 2969 427 3038 [Falco
454 2975 521 3026 1130
546 2969 686 3036 (Muratcri
710 2969 747 3034 V,
776 2971 851 3039 106):
881 2969 979 3023 Eodem
1008 2989 1075 3026 anno
1104 2969 1254 3041 praedictus
1281 2969 1425 3024 Anacletue

247 3041 320 3095 venit
345 3041 533 3106 Beneventum3
558 3039 652 3094 deinde
670 3040 821 3094 Abellinum
843 3040 978 3094 civitatem
1002 3043 1052 3097 ivit
1075 3046 1104 3096 et
1127 3058 1186 3094 cum
1205 3041 1339 3111 praedicte
1360 3040 1424 3094 duee

249 3111 361 3180 Rogerio
379 3111 524 3177 stabilivit,
553 3115 584 3164 ut
608 3127 668 3164 enm
696 3127 784 3179 regem
811 3114 949 3165 coronaret
971 3111 1083 3168 Siciliae.
1131 3113 1200 3165 Petr.
1227 3111 1301 3166 Diae.
1328 3109 1424 3165 Chron.

249 3182 308 3238 Cas.
327 3181 378 3246 IV,
397 3185 446 3236 97:
472 3181 566 3235 Petrus
585 3185 720 3262 praeterea
738 3180 881 3235 cardinalia
897 3181 1011 3250 Rogerio
1031 3183 1091 3238 duci
1110 3180 1221 3252 Apuliae
1239 3197 1360 3236 eoronam
1379 3179 1426 3234 tri·

247 3253 330 3307 bnene
355 3255 383 3306 et
404 3269 450 3322 per
471 3252 638 3321 privilegium
656 3250 809 3322 Capuanum
849 3251 1009 3322 rincipatum
1032 3257 1060 3307 et
1078 3253 1203 3306 direatum
1221 3251 1425 3324 Neapolitanum

249 3339 308 3377 cum
321 3322 427 3393 Apulia,
446 3321 570 3377 Calabria
579 3326 608 3375 et
619 3321 710 3375 Sicilia
726 3322 767 3376 illi
786 3339 815 3375 cc
893 3339 941 3376 ans
961 3341 1098 3394 regemque
1117 3323 1279 3377 constituens
1298 3323 1332 3376 ad
1351 3338 1426 3375 suam

268 3397 351 3448 artem
369 3393 492 3458 attraxit3
516 3392 740 3463 praecipiens
757 3399 794 3446 ut
810 3393 963 3464 episcopi
981 3401 1014 3449 et
1032 3396 1189 3460 abbates,
1215 3394 1272 3464 qui
1291 3394 1325 3447 in
1343 3409 1426 3447 suae

248 3412 397 3518 Aleionis
415 3466 512 3517 terra
529 3464 729 3530 manebant,
748 3465 776 3517 ei
794 3463 980 3519 hominium
997 3466 1170 3534 lacerent]

334 3563 528 3649 Apostolicae
558 3563 641 3628 sedis
663 3564 856 3647 providentia
878 3568 910 3628 et
932 3565 1122 3648 benignitate
1145 3582 1361 3647 provocamur,
1390 3565 1427 3627 ut

248 3655 475 3716 sacrosanctam
486 3651 663 3714 Rornamm
679 3650 840 3715 eeclesiam
861 3651 1061 3733 diligentibus
1083 3649 1279 3714 liberalitatis
1301 3651 1425 3714 nostrae

336 3826 361 3879 a)
379 3819 404 3873 is
422 3820 466 3890 qui
486 3820 584 3890 decipit
602 3839 635 3868 =
655 3817 670 3872 ὁ
688 3821 827 3886 berthoe.
961 3827 964 3836 '

336 3890 439 3958 *)v1.
459 3889 630 3945 Giesebrecht
646 3891 692 3957 IV,
711 3895 745 3945 62
764 3893 781 3946 i.
807 3909 832 3946 u.
850 3893 927 3946 Anm.
947 3910 972 3946 ιι.
992 3891 1139 3946 Bernhardi
1159 3908 1181 3944 a.
1203 3907 1225 3946 a.
1245 3889 1277 3946 Ο.
1297 3890 1324 3944 S.
1337 3893 1389 3944 332
1408 3889 1426 3943 f.

247 3959 274 4014 N
275 3960 324 4014 ach
336 3959 374 4014 Be
455 3961 482 4014 di
499 3961 612 4031 entbielt
625 3961 667 4016 die
679 3962 873 4016 verstdmmelte
885 3961 1011 4016 Urkunde
1024 3961 1092 4016 auch
1103 3961 1146 4015 die
1159 3961 1350 4029 Bestimmung‚
1364 3959 1426 4014 dass

249 4029 291 4084 die
309 4031 429 4085 Bisebbie
448 4033 502 4085 und
516 4031 585 4085 Abte
602 4033 630 4085 in
642 4033 742 4102 Rogers
762 4031 857 4086 Gebiet
868 4033 985 4086 Anaklet
1003 4031 1130 4101 buldigen
1149 4033 1252 4086 sollten.
1280 4029 1340 4099 Vgl.
1361 4031 1426 4084 oben

249 4101 292 4154 die
303 4099 384 4154 Stella
401 4119 449 4155 aas
460 4103 531 4157 Petr.
544 4102 619 4156 Diac.
633 4102 727 4157 Chron.
740 4103 798 4158 Cas.
820 4134 851 4142 -
871 4103 928 4157 Am
947 4107 989 4158 27.
1008 4103 1025 4156 J
1031 4103 1079 4156 uli
1101 4107 1168 4157 1139
1188 4102 1298 4156 wurde
1316 4101 1428 4170 Roger

249 4172 695 4227 auchronInnccenzII.als
708 4173 819 4241 Kbnig
834 4171 1171 4242 anerlrannt(Jeffe,Re
1191 4213 1197 4226 .

247 4241 280 4295 In
297 4241 346 4324 der
357 4242 483 4297 Urkunde
496 4243 632 4298 Innocena'
642 4243 677 4298 11.
698 4244 763 4297 wird
776 4245 825 4298 das
836 4244 981 4314 Konigtum
992 4245 1093 4320 Rogare
1108 4245 1156 4297 aul
1171 4191 1333 4312 Perleihung
1344 4241 1426 4296 durch
1486 4305 1489 4312 1

248 4311 379 4366 Honorius
397 4313 433 4367 H.
459 4313 675 4383 aufflclgeflihrt‚
701 4315 786 4368 damit
807 4315 883 4369 nieht
907 4316 964 4370 eine
987 4315 1134 4383 Handlung
1157 4314 1202 4368 des
1230 4311 1427 4384 Gegenpapetes

248 4383 363 4436 Anaklet
380 4384 526 4453 legalisiert
542 4383 645 4438 werden
663 4391 770 4439 musste.
798 4386 852 4439 Der
867 4386 998 4454 jlihrliche
1010 4386 1072 4438 Zins
1084 4385 1172 4438 uurde
1185 4401 1233 4438 von
1252 4385 1379 4438 hmocenz
1399 4384 1427 4438 in

249 4453 383 4508 derselben
395 4455 471 4509 Hebe
482 4456 643 4526 feetgeeetzt,
662 4457 711 4510 wie
729 4457 755 4510 in
773 4458 819 4510 der
831 4456 908 4511 Bulle
925 4457 1060 4511 Analdets.
1092 4453 1319 4522 GiesebrechtIV,
1340 4460 1390 4509 155
1408 4455 1426 4510 1.

248 4541 274 4578 u.
286 4524 376 4592 Anm.;
396 4526 552 4594 Bernhardi,
570 4525 662 4580 Jahrb.
683 4527 708 4580 d.
728 4527 754 4580 d.
773 4525 804 4581 G.
824 4531 901 4581 anter
920 4527 1027 4581 Konrad
1045 4525 1094 4580 III.
1115 4525 1141 4579 S.
1163 4530 1212 4580 169
1231 4526 1248 4581 l.

1203 4173 1279 4226 Pont
1289 4189 1328 4227 nr.
1338 4175 1426 4238 5731.)
1508 4231 1510 4236 ¹
