3617 5284
1400 549 1445 614 37

264 739 326 785 non
349 720 499 802 glorietur
518 721 577 785 boc
599 721 708 804 eapite,
731 720 813 803 qnod
837 721 928 786 ambo
943 721 989 784 illi
1011 719 1135 803 gloriosi
1157 721 1310 803 principes
1331 725 1441 795 terrae,

264 806 343 870 alter
373 807 502 882 amisso,
531 807 610 870 alter
637 807 792 871 submisso
813 807 846 870 in
868 826 958 870 cruce
981 807 1095 889 capite,
1127 825 1183 870 suo
1205 806 1364 888 triumpho
1387 825 1439 870 ex-

264 892 420 967 tulerunt,
448 912 505 957 suo
534 893 685 973 sanguine
711 895 922 956 omaveruut?
966 892 1014 956 Ad
1042 911 1167 956 omnem
1193 891 1298 972 itaque
1321 893 1442 974 spectat

264 975 477 1041 Christianum
491 978 604 1041 iniuria
613 979 841 1060 Apostolorum,
864 982 896 1042 et
910 979 992 1042 sicut
1005 978 1038 1040 in
1061 995 1185 1041 omnem
1207 979 1324 1040 terram
1346 977 1439 1040 exivit

264 1081 359 1126 sonus
382 1082 498 1138 eorum,
521 1065 566 1127 sic
586 1064 681 1128 laesio
704 1064 871 1127 eomudem
894 1065 933 1128 ab
954 1063 1098 1128 omnibus
1119 1081 1346 1145 usquequaque
1369 1081 1439 1126 sen·

264 1149 349 1224 titur,
371 1167 598 1231 usquequaque
618 1149 777 1232 plangitur
799 1152 832 1212 et
851 1149 982 1213 doletur.

349 1233 432 1312 Quid
454 1235 540 1299 vobis
562 1235 665 1298 risum
687 1235 744 1311 est,
765 1253 784 1298 o
805 1235 953 1312 Romani,
976 1233 1129 1298 offendere
1151 1231 1305 1315 plincipes
1327 1232 1447 1308 muudi,

266 1323 386 1384 vestros
427 1323 532 1384 autem
572 1321 721 1403 speciales
760 1323 931 1402 patronos?
985 1319 1048 1385 Cur
1081 1319 1201 1400 Regem
1234 1321 1348 1392 terrae,
1391 1337 1447 1382 cur

266 1405 437 1469 Dominum
478 1405 555 1470 coeli
597 1406 701 1469 furore
733 1409 800 1469 tam
837 1405 1024 1470 intolerabili
1058 1423 1153 1486 quam
1182 1404 1382 1468 irrationabili
1416 1403 1449 1466 in

266 1510 319 1554 uos
345 1491 461 1572 pariter
491 1491 679 1575 provocatis,
710 1492 787 1555 dum
815 1511 937 1556 sacram
966 1494 998 1554 et
1026 1489 1227 1573 apostolicam
1250 1489 1369 1565 sedem,
1400 1490 1446 1552 di-

267 1576 344 1639 vinis
367 1577 586 1658 regalibusque
601 1577 769 1659 privilegiis
793 1577 993 1659 singulariter
1014 1575 1226 1650 sublimatam,
1249 1593 1328 1654 ausu
1351 1575 1445 1638 sacri-

267 1662 336 1742 lego
370 1662 524 1726 incessere
557 1681 676 1743 suoque
705 1662 847 1727 minuere
882 1663 998 1726 bonore
1028 1661 1228 1736 contenditis,
1265 1679 1360 1740 quam
1397 1661 1445 1724 rel

267 1747 324 1810 soli
350 1751 459 1811 contra
480 1767 597 1824 omues,
618 1749 645 1811 si
667 1749 863 1830 oportuisset,
885 1746 1049 1811 defendere
1072 1745 1245 1810 debuistis?
1286 1745 1345 1819 Sic,
1366 1745 1445 1810 fatui

269 1833 418 1910 Romani,
445 1853 506 1898 uon
534 1832 707 1899 iudicantes
736 1852 838 1915 neque
861 1833 944 1914 quod
966 1833 1133 1896 honestum
1157 1833 1205 1894 est
1226 1831 1445 1908 discernentes,

268 1923 364 2002 caput
391 1923 531 1984 restrum
569 1923 664 2000 atque
691 1919 848 1990 omnium,
883 1918 967 2000 quod
993 1918 1025 1982 in
1047 1917 1133 1982 vobis
1163 1920 1228 1993 est,
1265 1917 1446 1993 deturbatis,

265 2024 321 2086 pro
350 2024 411 2086 quo
442 2006 627 2086 magisnec
656 2004 767 2070 vestris
794 2004 870 2088 ipsis
899 2004 1069 2068 ceruicibus
1099 2001 1288 2085 parcendum
1318 2003 1445 2068 avobis

265 2089 358 2166 louet,
388 2091 414 2154 si
446 2090 616 2154 necessitas
644 2091 819 2172 exegisset?
862 2088 974 2154 Patres
1005 2089 1098 2153 vestri
1127 2089 1207 2153 Urbi
1239 2089 1344 2152 orbem
1374 2089 1447 2151 sub-

268 2175 470 2256 iugauerunt3
508 2194 563 2240 vos
596 2175 716 2240 Urbem
756 2176 929 2258 properatis
963 2175 1028 2238 orbi
1062 2174 1162 2238 facere
1193 2173 1340 2238 fabulam.
1399 2174 1446 2237 Eu

265 2261 350 2325 Petri
378 2263 488 2325 haeres
509 2260 596 2326 Petri
618 2261 691 2326 sede
712 2263 745 2325 et
768 2262 842 2326 urbe
872 2261 999 2326 euobis
1022 2260 1168 2343 expulsus
1197 2262 1259 2334 est,
1283 2279 1321 2324 en
1350 2260 1444 2324 rebus

266 2350 299 2409 et
327 2347 469 2411 domibus
498 2348 564 2410 suis
599 2348 710 2411 vestris
738 2347 882 2410 manibus
905 2345 1029 2430 spoliati
1051 2348 1126 2409 sunt
1148 2345 1319 2442 cardinales
1349 2347 1445 2426 atque

269 2432 750 2583 resalutantem
773 2430 1073 2612 ,inaltabit
1098 2432 1445 2599 §bajulante

269 2603 316 2666 tui
343 2606 454 2668 eraut?
505 2602 587 2682 Quid
616 2623 688 2685 crgo
717 2623 802 2667 niuno
830 2603 946 2680 Roma,
977 2621 1038 2666 msa
1071 2602 1137 2666 sine
1170 2601 1269 2685 capite
1295 2604 1444 2665 tmncum

269 2707 394 2771 corpus,
423 2689 489 2753 sine
510 2689 607 2753 oculis
628 2689 714 2754 irone
736 2688 860 2763 effossa,
888 2689 983 2752 faeies
1005 2688 1193 2752 tenebrosa?
1237 2686 1345 2768 Aperi,
1368 2705 1444 2767 gens

269 2774 397 2850 misera,
424 2775 508 2857 aperi
536 2776 640 2839 oculos
662 2778 734 2839 tuos
757 2778 790 2839 et
810 2774 879 2839 vide
902 2772 1124 2838 desolationem
1145 2775 1235 2836 tuum
1257 2771 1447 2854 iamiamque

270 2860 494 2924 imminentem.
531 2858 692 2938 Quomodo
707 2860 738 2923 iu
754 2860 840 2924 brevi
860 2861 1002 2924 mutatus
1024 2861 1073 2922 est
1094 2859 1177 2946 color
1198 2857 1343 2940 optimus,
1365 2857 1448 2921 facta

270 2949 319 3094 ⁶1ss
340 2945 430 3026 quasi
440 2945 545 3112 Ipidup
566 2946 693 3010 domina
714 2946 863 3027 gentium,
884 2945 1028 3028 princeps
1049 2942 1300 3028 prouinciarum?
1323 2943 1447 3026 lumen.

316 3036 419 3108 ,lu.
490 3035 516 3094 1.

354 3116 472 3180 Verum
493 3116 582 3180 initia
603 3117 758 3180 malorum
780 3118 856 3181 sunt
876 3116 971 3190 haec;
994 3115 1135 3196 grauiora
1156 3114 1314 3178 timemus.
1345 3112 1447 3176 Num·
1573 3159 1587 3189 „

270 3201 344 3283 quid
371 3222 433 3266 non
454 3221 549 3285 prope
572 3201 734 3266 interitum
756 3220 803 3277 es,
825 3200 852 3265 si
873 3200 1036 3284 persistis?
1082 3200 1263 3276 Revertere,
1284 3201 1448 3272 revertere,

270 3287 458 3363 sunamitis,
486 3291 640 3352 revertere
669 3287 707 3351 ad
735 3289 914 3362 cortuum,
951 3303 1082 3366 agnosce
1104 3285 1167 3348 iam
1189 3285 1337 3360 velsero,
1360 3301 1449 3364 quae,

270 3377 401 3455 quanta,
431 3373 585 3454 aquibus
606 3372 735 3455 patiaris
763 3373 813 3436 vel
842 3391 936 3455 passa
962 3372 1012 3435 sis.
1057 3370 1239 3445 Recordare,
1262 3389 1325 3452 qua
1346 3387 1449 3444 causa,
1550 3415 1557 3429 .

269 3478 331 3541 quo
356 3460 435 3534 tine,
463 3477 519 3542 per
549 3477 626 3539 quos
656 3461 688 3522 et
714 3457 747 3520 in
778 3476 856 3539 quos
884 3476 962 3521 usus
990 3475 1053 3520 non
1081 3456 1171 3536 longe
1199 3458 1270 3520 unte
1298 3455 1355 3519 bos
1383 3453 1449 3518 dies

271 3546 465 3620 cunctarum,
488 3562 568 3625 quaa
582 3544 614 3607 iu
630 3547 661 3607 te
684 3546 766 3619 sunt,
788 3543 989 3607 ecclesiarum
1011 3541 1111 3606 omnis
1134 3544 1262 3605 umatus
1285 3543 1317 3605 et
1338 3557 1450 3626 censue

269 3629 451 3713 profligatus
474 3632 530 3693 est
567 3627 726 3710 Quidquid
740 3629 772 3691 in
796 3629 947 3693 altaribus
970 3631 1002 3692 et
1023 3628 1055 3690 iu
1078 3627 1224 3690 altarium
1246 3625 1338 3701 vasis,
1361 3624 1450 3707 quid·

188 3765 194 3774 .
269 3715 344 3797 quid
371 3715 404 3778 in
432 3715 509 3798 ipsis
531 3715 626 3779 sacris
649 3714 837 3796 imaginibus
860 3713 927 3778 auri
954 3717 986 3778 et
1009 3713 1130 3795 argenti
1151 3711 1279 3796 reperiri
1300 3715 1376 3775 tunc
1397 3730 1452 3792 po-

269 3801 346 3878 tuit,
371 3801 516 3865 manibus
543 3800 709 3883 impiorum
736 3799 891 3882 direptum
922 3802 954 3862 et
982 3801 1177 3881 asportatum
1208 3799 1264 3862 est.
1308 3795 1391 3874 Quid
1414 3814 1451 3860 ex
1524 3865 1525 3870 ἵ

268 3886 318 3951 bis
345 3886 489 3950 omnibus
519 3888 556 3949 tu
585 3887 616 3949 iu
647 3885 711 3949 tuis
740 3904 825 3949 nuno
852 3885 1021 3967 marsupiis
1053 3883 1196 3948 invenis?
1239 3881 1335 3947 Porro
1363 3880 1454 3946 decor

269 3973 380 4037 domus
412 3971 538 4035 Domini
570 3970 848 4053 irrecuperabiliter
878 3969 978 4053 periit.
1033 3970 1081 4032 Et
1113 3986 1218 4032 nuuc
1250 3966 1346 4049 quid
1375 3966 1451 4030 tibi

270 4059 397 4122 risum
419 4059 479 4121 est
499 4056 653 4121 iterare
674 4055 884 4131 malitiam,
905 4056 1099 4120 innovare
1121 4055 1245 4118 denuo
1268 4070 1390 4136 super
1410 4055 1451 4115 te

269 4143 354 4208 dies
380 4142 531 4206 mulos?
574 4141 675 4220 Quid
703 4141 817 4205 modo
838 4141 901 4204 vel
923 4140 1028 4205 lucri
1052 4137 1257 4222 amplioris
1284 4138 1347 4203 vel
1369 4155 1453 4201 cer-

269 4229 387 4293 tioris
416 4228 500 4310 spei
529 4227 676 4291 arridet
702 4227 801 4291 tibi?
845 4226 934 4289 Nisi
963 4226 1066 4307 quod
1095 4226 1135 4288 in
1165 4242 1206 4288 eo
1235 4222 1454 4288 novissima

270 4318 339 4378 tua
366 4316 587 4378 cernuntur
615 4312 846 4376 incautiora
873 4311 1090 4395 prioribus,
1119 4309 1222 4392 quod
1242 4311 1336 4374 tune
1358 4308 1455 4389 qui-

271 4399 355 4464 dem
376 4419 450 4463 nou
474 4400 600 4463 solum
620 4398 740 4463 multi
761 4397 806 4460 de
827 4397 954 4480 plebe,
983 4397 1051 4462 sed
1074 4397 1190 4460 etiam
1212 4394 1256 4458 de
1278 4395 1390 4459 clero
1417 4395 1456 4456 et

271 4484 315 4550 de
344 4484 594 4569 principibus
622 4482 805 4548 nonnulli
831 4501 901 4567 per
930 4483 1061 4547 orbem
1083 4481 1119 4545 in
1142 4480 1361 4545 schismate
1384 4477 1455 4542 illo
