3617 5284
1384 531 1424 596 79

243 701 395 766 Ansehno
407 700 660 784 Havelbergensi,
674 701 865 766 Herimanuo
877 700 1109 767 constantiensi
1122 701 1279 785 episcopis,
1297 702 1427 767 Outbel-

243 787 306 852 rico
330 787 369 851 de
391 787 609 858 Lenceburch,
630 787 762 852 Wido'ne
784 788 910 864 Werra,
932 787 1064 851 Widone
1085 786 1312 854 Blandratensc
1334 789 1428 853 comi-

243 873 331 938 tibus
355 892 392 937 ex
413 875 501 956 parte
523 872 629 937 domni
650 873 739 954 regis.

332 958 476 1024 Domnus
499 957 654 1040 siqnidem
675 977 728 1023 rex
748 958 852 1023 iurare
875 958 967 1023 faciet
989 977 1087 1022 unum
1110 957 1148 1023 de
1170 959 1425 1024 ministerialibus

245 1045 336 1126 regni
365 1046 397 1108 in
429 1044 534 1108 anima
559 1045 655 1127 regis,
684 1045 809 1128 etipse
837 1044 921 1109 idem
951 1063 1047 1109 manu
1069 1046 1194 1128 propiis
1215 1045 1290 1109 data
1311 1044 1372 1109 fide
1394 1046 1425 1108 in

246 1149 344 1194 mann
374 1131 470 1212 legati
498 1130 603 1194 domni
624 1149 723 1215 papae
745 1131 925 1214 promittet:
957 1130 1038 1212 quod
1060 1129 1126 1214 ipse
1148 1128 1205 1195 nec
1227 1135 1347 1196 trevam
1368 1149 1426 1194 nec

246 1235 358 1298 pacem
379 1216 473 1280 faciet
495 1236 567 1280 curn
588 1217 739 1280 Romanis
764 1235 822 1281 nec
843 1235 916 1281 cum
939 1216 1071 1298 Rogerio
1095 1215 1218 1281 Siciliae
1242 1217 1307 1282 sine
1329 1217 1425 1281 libero

245 1321 400 1366 consensu
423 1308 455 1366 et
469 1303 628 1366 voluntate
644 1303 804 1366 Romanae
826 1303 993 1366 aecclesiae
1013 1304 1045 1366 et
1059 1301 1164 1367 domni
1179 1321 1278 1386 papae
1294 1302 1425 1384 Eugenii

244 1388 294 1451 rel
317 1406 532 1452 successorum
555 1388 637 1464 eius,
665 1388 719 1470 qui
745 1392 884 1452 tenorem
914 1388 1087 1470 subscripta
1117 1388 1294 1453 concordiae
1320 1393 1424 1452 tenere

245 1492 317 1537 curn
346 1492 418 1556 rege
446 1473 627 1556 F(riderico)
659 1473 829 1547 noluerint3
864 1479 896 1538 et
928 1493 983 1557 pro
1013 1473 1128 1538 viribus
1160 1475 1248 1556 regni
1273 1474 1425 1538 laborabit

244 1559 404 1624 Romanos
433 1559 599 1641 subiugare
627 1559 738 1624 domno
769 1578 867 1643 papae
900 1563 932 1624 et
952 1559 1112 1624 Romanae
1135 1560 1314 1638 aecclesiae,
1343 1561 1424 1624 sicut

244 1663 397 1728 nmquam
425 1645 553 1709 fnemnt
581 1664 600 1709 a
628 1650 753 1710 centurn
783 1645 873 1710 annis
900 1649 992 1710 retro.
1043 1644 1200 1710 Honorem
1230 1651 1363 1730 papatus
1392 1651 1449 1724 et,

243 1731 362 1813 regalia
390 1731 475 1796 beati
495 1730 596 1806 Petri,
627 1732 708 1796 sicut
737 1731 867 1796 devotus
890 1736 922 1795 et
944 1730 1084 1814 specialis
1107 1731 1274 1796 advocatus
1297 1734 1423 1796 sanctae

244 1817 406 1881 Romanae
429 1817 611 1894 aecclesiae,
641 1820 750 1881 eontra
778 1818 921 1882 homines
948 1836 1003 1901 pro
1032 1836 1122 1900 possa
1152 1836 1208 1883 sno
1231 1817 1331 1882 eidem
1353 1837 1425 1882 con·

245 1903 398 1977 servabit;
434 1908 465 1966 et
493 1902 651 1978 defendet,
680 1921 761 1984 qnae
789 1922 874 1967 nunc
901 1903 1012 1974 babet;
1048 1921 1126 1985 quae
1153 1922 1224 1968 vero
1253 1923 1337 1968 nunc
1362 1922 1423 1967 non

246 1989 358 2065 babet,
394 2007 575 2071 recuperare
611 2008 666 2072 pro
702 2009 793 2072 posse
830 1989 950 2053 iurabit
986 1991 1017 2053 et
1053 1993 1235 2072 recuperata
1272 1989 1424 2053 defendet.

247 2074 419 2140 Grecorum
450 2093 573 2156 quoque
603 2077 668 2157 regi
697 2075 817 2138 unllam
846 2077 963 2138 terram
986 2093 1022 2138 ex
1043 2074 1106 2138 ista
1126 2079 1214 2156 parte
1237 2076 1332 2140 maris
1354 2095 1426 2140 con-

244 2161 353 2234 eedet3
387 2161 497 2242 quodsi
525 2160 603 2225 torte
624 2161 676 2224 ille
699 2161 862 2237 invaserit,
891 2179 947 2244 pro
972 2160 1088 2224 viribus
1110 2161 1212 2243 regni,
1242 2160 1426 2243 quantocius

245 2246 378 2329 poterit,
409 2247 513 2329 ipsum
541 2246 638 2311 eicere
666 2247 795 2311 curabit.
839 2245 927 2310 Haec
956 2246 1060 2311 omnia
1081 2245 1174 2311 faciet
1196 2249 1228 2311 et
1250 2247 1425 2312 observabit

243 2333 312 2396 sine
334 2331 444 2397 fraude
467 2334 499 2396 et
519 2332 602 2396 malo
623 2333 756 2414 ingenio.

329 2417 472 2482 Domnus
499 2437 571 2482 vero
599 2437 682 2502 papa
711 2413 896 2502 apostolicae
927 2417 1123 2482 auctoritatis
1151 2419 1243 2483 verbo
1266 2437 1423 2484 unacum

243 2503 391 2587 predictis
413 2503 621 2568 cardinalibus
643 2503 676 2567 in
698 2507 856 2588 presentia
869 2503 1113 2588 prescriptomm
1128 2504 1304 2585 legatorum
1319 2503 1422 2568 domni

242 2591 326 2672 regis
357 2589 500 2674 promisit
522 2593 553 2654 et
575 2590 766 2654 observabit:
798 2589 879 2673 quod
903 2609 975 2654 eum
997 2589 1079 2654 sicut
1101 2589 1301 2654 karissimum
1323 2590 1424 2654 lilium

242 2676 328 2740 beati
342 2675 429 2741 Petri
447 2675 628 2749 honorabit3
652 2678 683 2740 et
705 2676 881 2741 venientem
903 2695 958 2760 pro
981 2675 1173 2759 plenitudine
1197 2694 1325 2741 coronae
1348 2695 1423 2740 suae

240 2763 308 2826 sine
338 2761 522 2826 difficultate
551 2763 584 2825 et
612 2762 868 2836 contradictione,
897 2761 1106 2844 quantumin
1129 2762 1196 2846 ipso
1219 2765 1280 2838 est,
1308 2762 1341 2824 in
1364 2762 1422 2826 im·

238 2850 415 2931 perstarem
442 2848 617 2921 coronabit;
648 2850 679 2912 et
708 2848 747 2912 ad
776 2848 1044 2911 manutenendum
1067 2849 1161 2929 atque
1185 2847 1363 2929 augendum
1386 2867 1422 2912 ac

240 2932 437 2998 dilatandum
470 2933 619 2998 honorem
650 2934 738 3015 regni
772 2952 828 3017 pro
862 2933 965 2998 debito
999 2933 1090 2998 officii
1123 2934 1172 2998 sui
1205 2933 1330 2998 iuvabit.
1379 2933 1421 2997 Et

240 3020 431 3102 quicumque
447 3019 604 3083 iusticiam
627 3022 659 3084 et
679 3020 828 3084 bonorem
850 3018 939 3101 regni
962 3019 1141 3084 conculcare
1165 3022 1220 3083 sut
1241 3020 1420 3084 subvertere

242 3125 321 3170 ausu
344 3105 509 3169 temerario
530 3105 786 3188 presumpserint,
809 3105 941 3169 domnus
964 3124 1057 3189 papa,
1090 3105 1233 3187 aregiae
1256 3105 1418 3187 dignitatis

240 3190 404 3256 dilectione
419 3193 621 3274 premonitus,
644 3191 789 3256 canonice
805 3191 844 3254 ad
861 3190 1105 3256 satisfactionem
1121 3209 1173 3256 eos
1196 3191 1418 3266 commonebit;

238 3277 351 3358 quodsi
373 3276 439 3358 regi
460 3277 499 3340 ad
522 3277 724 3360 apostolicam
746 3277 988 3342 admonitionem
1004 3277 1041 3342 de
1062 3278 1130 3342 iure
1153 3276 1313 3342 ethonore
1334 3277 1419 3358 regio

238 3363 399 3428 iusticiam
438 3363 580 3427 exhibere
611 3364 867 3446 contempserint,
907 3362 1231 3428 excommunicationis
1264 3362 1418 3427 sententia

237 3448 434 3513 innodentur.
477 3449 557 3530 Regi
587 3451 692 3512 antem
716 3448 884 3514 Grecomm
916 3468 952 3512 ex
984 3449 1045 3512 ists
1074 3452 1162 3532 parte
1183 3448 1279 3512 maris
1301 3451 1416 3512 terram

240 3554 303 3599 non
332 3533 495 3606 concedet;
527 3534 637 3616 quodsi
662 3535 714 3598 ille
742 3534 887 3598 invadere
915 3535 1153 3618 presumpserit,
1181 3535 1314 3599 domnus
1337 3553 1418 3618 papa

241 3621 358 3686 viribus
380 3620 462 3684 beati
483 3619 570 3684 Petri
593 3620 785 3685 eum‘eicere
808 3620 937 3684 curabit.

321 3707 409 3770 Haec
417 3706 798 3789 cmniaexutraqueparte
811 3707 877 3771 sine
889 3706 997 3770 fraude
1010 3709 1041 3770 et
1053 3706 1207 3771 sinemalo
1219 3705 1342 3788 ingenio
1354 3725 1418 3769 ser-

237 3791 1417 3874 rabuntur,nisiforteliberoetcommuniconsensuutriusqueimmutentur.

560 3925 594 3999 b)
619 3919 799 4010 ltbntptlebe
821 3923 1088 4010 dementasset)

482 4025 617 4094 [Tbeinen
636 4024 699 4080 Cod.
719 4025 787 4080 dom.
806 4028 887 4096 temp.
907 4043 927 4080 s.
948 4025 1024 4080 Sedis
1041 4025 1064 4093 l,
1085 4031 1118 4080 15
1135 4025 1166 4094 f.)

151 4185 158 4212 ³
324 4125 499 4190 Venerabili
532 4126 564 4190 in
592 4125 715 4191 Christo
748 4125 830 4210 patri
858 4126 999 4208 Eugenio
1033 4125 1083 4190 dei
1111 4125 1212 4208 gratia
1240 4122 1416 4206 Apostolioe

238 4211 327 4276 Sedis
360 4211 516 4289 Pontifici,
552 4211 735 4276 Fredericus
772 4212 822 4276 dei
859 4214 962 4295 gratia
994 4212 1207 4276 Romanomm
1242 4209 1417 4293 Imperator

236 4319 350 4411 ῌῙ)
368 4319 481 4400 Tbeiner
497 4347 557 4415 gibt
575 4347 646 4402 disse
658 4347 966 4403 Ratifikationsnrlrunde
982 4347 1052 4401 nach
1062 4347 1179 4414 Cencim,
1197 4345 1264 4400 liber
1279 4363 1415 4413 rensuum3

234 4417 318 4483 Perta,
338 4419 374 4471 bl.
394 4415 426 4472 G.
444 4417 514 4486 legg.
533 4417 570 4484 II,
588 4423 622 4472 93
641 4419 660 4474 l.
677 4419 726 4472 bat
745 4419 785 4474 sie
802 4419 872 4472 nach
889 4417 1029 4484 Baronius,
1048 4418 1118 4474 Ann.
1136 4418 1206 4472 Eccl.
1226 4433 1251 4472 u.
1270 4417 1338 4471 nach
1358 4417 1416 4471 dem

234 4487 295 4543 Cod.
313 4489 375 4542 Vat
395 4504 435 4542 nr.
456 4490 526 4542 2040
544 4489 610 4544 mbr.
629 4506 679 4544 sae.
698 4489 770 4545 XIV.
788 4488 847 4544 XV.
866 4489 911 4543 iol.
930 4490 976 4543 53¹
994 4488 1086 4544 edient
