3617 5284
400 571 443 636 84

401 743 604 798 imminente
622 743 729 798 etiam
747 743 815 798 sibi
833 742 1071 815 expeditionis
1088 743 1222 810 labore,
1241 743 1276 798 iu
1294 760 1358 815 qna
1375 743 1512 799 eundem
1531 745 1578 799 iu-

399 830 516 868 venem
534 815 679 868 militem
697 814 891 897 sociumque
915 815 990 869 viae
1014 815 1135 869 habere
1158 815 1292 882 debuit,
1311 815 1390 870 finem
1408 816 1513 884 negotio
1530 816 1576 869 im·

399 902 493 954 ponere
518 887 667 954 cogebatur.
704 885 816 939 Proinde
835 903 863 939 111
883 885 978 955 oppido
1001 885 1128 940 Senoniae
1151 883 1287 940 Goslariae
1313 887 1413 940 cunam
1436 887 1577 952 celebrans,

400 959 524 1026 utrosque
536 955 616 1009 duces
634 956 705 1009 datis
723 955 818 1010 edictis
836 957 960 1012 evocavit.
991 957 1044 1010 Ubi
1064 957 1134 1022 dum,
1154 957 1236 1010 altero
1254 957 1382 1023 veniente,
1402 957 1469 1011 alter
1487 974 1515 1011 se
1533 957 1577 1010 ab·

400 1029 531 1092 sentaret,
554 1026 651 1080 iudicio
674 1027 822 1097 principum
839 1027 931 1093 alteri,
955 1028 985 1081 id
1003 1031 1045 1082 est
1061 1027 1185 1081 Heinrioo
1203 1027 1331 1082 Saxoniae
1350 1028 1418 1096 duci,
1442 1027 1577 1082 Baioarlae

402 1097 515 1150 ducatrra
534 1097 722 1167 adiudicatum]

486 1211 519 1276 O.
548 1212 587 1275 ln
601 1212 725 1276 nomine
741 1217 868 1277 sanotae
883 1215 915 1277 et
929 1212 1090 1277 indiuiduo
1105 1214 1263 1278 trinitatis.
1285 1214 1456 1278 Eiiderievs
1472 1213 1576 1277 diuina

400 1297 527 1361 iouente
544 1298 708 1362 clementia
724 1299 937 1364 Romanorum
952 1318 1013 1363 rex.
1037 1297 1117 1378 Quia
1133 1298 1171 1363 ad
1186 1299 1269 1381 regne
1285 1299 1445 1382 dignitatis
1461 1301 1576 1383 apicem

399 1383 449 1447 dei
473 1384 574 1465 gratia
596 1384 840 1462 conscendimus,
861 1385 970 1450 iccirco
993 1384 1122 1467 dignum
1146 1391 1201 1462 est,
1222 1385 1329 1469 ipsius,
1352 1405 1370 1450 a
1393 1405 1454 1468 quo
1477 1387 1574 1449 omnis

400 1473 625 1553 estpotestate,
652 1471 811 1548 notitiam,
840 1472 1006 1544 honorem,
1035 1471 1157 1535 cultum
1180 1471 1345 1554 ampliare,
1368 1471 1511 1546 dilatare,
1533 1475 1576 1546 ut,

399 1555 481 1619 siout
496 1556 534 1620 ab
550 1556 617 1620 eius
633 1557 734 1642 gratia
751 1561 825 1621 sunt
840 1557 952 1632 omnia,
974 1558 1020 1621 ita
1035 1557 1101 1621 eius
1125 1557 1239 1640 gloriae
1262 1558 1401 1622 seruiunt
1422 1557 1575 1621 uniuersa

398 1641 531 1706 Nouerit
545 1661 617 1724 ergo
632 1646 698 1706 tam
721 1643 907 1719 futurorum,
930 1661 1025 1725 quam
1046 1645 1239 1726 presentium
1261 1642 1421 1721 industria,
1445 1643 1576 1725 qualiter

397 1747 453 1790 nos
476 1727 586 1792 dilecto
608 1732 714 1793 nostro
736 1727 880 1793 Heinrioo
903 1728 975 1792 duoi
998 1727 1147 1794 Senoniae
1170 1729 1374 1806 iniunximus,
1397 1730 1486 1794 utin
1508 1747 1575 1812 pro·

399 1813 503 1877 uinoia
525 1814 608 1878 ultra
622 1815 737 1891 Albim,
759 1833 854 1896 quarn
871 1817 1012 1879 anostra
1033 1815 1246 1878 munificentie
1267 1818 1362 1890 tenet,
1385 1817 1574 1898 episcopatus

400 1901 432 1962 et
448 1900 612 1964 aecclesias
628 1899 667 1964 ad
683 1900 878 1965 dilatandum
898 1900 1058 1965 christiani
1081 1901 1214 1965 nominis
1237 1901 1403 1983 imperium
1424 1901 1574 1974 instituat,

397 1985 520 2068 plantet
554 1988 586 2049 et
627 1986 782 2061 aedificet;
812 1987 1061 2068 liberamque
1094 1988 1129 2052 ei
1163 1988 1435 2050 concessimus
1466 1991 1575 2070 pote-

398 2074 559 2148 statem,
589 2077 632 2135 nt
660 2073 871 2137 aecclesiis
903 2072 989 2137 11115
1019 2072 1063 2136 de
1092 2072 1209 2136 bonis
1237 2073 1350 2155 regni
1379 2071 1575 2148 conferat,

398 2161 520 2240 prout
547 2159 734 2222 uoluntas
764 2177 835 2222 sua
861 2159 1117 2243 persuaserit
1146 2163 1185 2222 et
1207 2163 1404 2222 terrarum
1427 2159 1576 2242 spacio-

401 2243 498 2307 sitas
527 2246 771 2326 permiserit
815 2244 873 2309 Cui
901 2245 1028 2326 negocio
1057 2248 1093 2307 ut
1122 2243 1291 2308 studiosius
1314 2249 1346 2308 et
1367 2244 1510 2308 deuotius
1530 2244 1577 2307 in·

400 2331 507 2405 sistat,
534 2331 614 2412 ipsi
645 2334 682 2394 et
711 2330 896 2395 omnibus
926 2331 1003 2394 sibi
1027 2329 1167 2394 innuo
1187 2330 1401 2413 prouincia
1423 2349 1576 2394 sucees-

400 2416 505 2479 suris
533 2416 787 2480 concedimus
815 2416 1101 2481 inuestituram
1123 2416 1241 2479 trium
1264 2416 1575 2499 episcopatuum

398 2501 635 2578 Aldenburo,
670 2502 972 2579 Micholinburo,
1000 2502 1237 2578 Raoezburo,
1267 2505 1322 2578 ut,
1353 2505 1575 2585 quicunque

398 2588 439 2650 in
475 2587 603 2651 locum
640 2587 918 2671 episcoporum
954 2587 1099 2651 ibidem
1137 2587 1381 2668 subrogandi
1414 2593 1522 2664 sunt,
1558 2607 1576 2651 a

399 2692 513 2736 manu
535 2673 679 2757 ipsius,
710 2672 935 2756 quodragii
957 2672 1057 2737 iuris
1081 2677 1154 2751 est,
1176 2677 1379 2754 tamquam
1402 2677 1576 2738 anostra

400 2759 612 2841 recipiant
648 2760 685 2823 Id
701 2761 796 2824 etiam
811 2759 1018 2841 adiungimus,
1042 2759 1133 2841 quod,
1157 2759 1183 2824 si
1203 2760 1235 2822 in
1257 2759 1425 2843 prouinciis
1447 2761 1577 2824 circum-

401 2863 532 2926 quaque,
561 2846 594 2908 in
617 2846 731 2927 quibus
752 2846 886 2910 necdum
909 2845 1077 2909 christiana
1097 2844 1205 2926 religio
1227 2847 1359 2921 tenetur,
1383 2847 1576 2929 episcopatus

401 2949 461 2995 sua
477 2931 663 2995 strenuitate
678 2931 808 2995 fraudare
823 2932 967 3015 potuerit,
990 2933 1022 2994 in
1045 2931 1094 2996 his
1117 2931 1225 2994 eadem
1247 2933 1402 3014 potestate
1424 2930 1577 3013 fungatur.

400 3017 442 3080 nt
457 3020 494 3080 ut
509 3018 567 3081 hee
580 3023 686 3082 nostre
708 3019 911 3083 concessionis
935 3017 1102 3082 auotoritas
1125 3017 1245 3081 stabilis
1268 3021 1299 3081 et
1320 3017 1504 3082 inconuulsa
1524 3037 1578 3102 per

401 3121 588 3166 successura
603 3108 778 3188 temporum
792 3106 952 3168 momenta
965 3109 1155 3186 permaneat,
1177 3103 1259 3168 hano
1273 3104 1391 3168 eurtum
1413 3103 1485 3168 inde
1508 3124 1578 3170 oon-

401 3189 549 3270 soriptam
577 3208 675 3254 manu
702 3191 840 3274 propria,
869 3190 906 3253 ut
933 3189 1014 3253 infra
1044 3188 1182 3266 uidetur,
1209 3189 1456 3268 corroborantes,
1484 3189 1577 3274 sigilli

399 3275 499 3339 nostri
537 3274 739 3358 impressione
776 3275 924 3340 iussimus
960 3274 1111 3357 insigniri.
1164 3277 1244 3339 Acta
1276 3280 1381 3339 autem
1415 3282 1490 3340 sunt
1521 3276 1577 3340 beo

399 3405 608 3414 --——-.-.—.

399 3476 446 3530 der
463 3476 679 3545 Kaiserlrrbnung
702 3480 758 3540 (18.
778 3475 838 3530 Jan.
861 3475 940 3544 1155)
967 3474 1122 3543 auegestellt
1146 3474 1209 3529 sein.
1246 3474 1288 3527 Da
1312 3475 1398 3528 semer
1416 3475 1456 3528 als
1474 3475 1576 3544 Zengon

399 3565 450 3601 nur
475 3548 625 3601 siohsische
644 3546 740 3602 Grosee
761 3547 912 3615 firngieren,
938 3562 1011 3599 muse
1035 3546 1076 3599 die
1099 3543 1274 3614 Ansetellung
1295 3545 1323 3598 in
1342 3545 1456 3599 Sachsen
1482 3546 1577 3614 eriolgt

400 3619 464 3672 sein.
495 3619 527 3672 In
546 3619 659 3672 derZeit
671 3617 797 3672 zwischen
809 3617 985 3672 seinerthl
997 3633 1055 3670 zum
1067 3616 1134 3670 Kdni
1167 3634 1191 3672 n.
1205 3615 1513 3686 seinerllaiserlrrdnnng
1524 3633 1577 3670 war

398 3689 533 3742 Friedrich
552 3689 668 3742 zweimal
685 3689 713 3741 in
732 3687 857 3754 Sachsen,
878 3692 946 3743 1152
965 3705 990 3742 n.
1012 3692 1087 3742 1154.
1148 3690 1207 3741 nter
1231 3687 1281 3740 den
1299 3687 1402 3755 Zeugen
1420 3691 1503 3741 neunt
1521 3687 1575 3741 sich

399 3760 556 3813 Wichmann
575 3759 729 3813 Erebiscbof
750 3777 774 3812 1.
796 3759 962 3828 Magdeburg
985 3776 1010 3814 u.
1030 3757 1157 3812 Barthold
1176 3757 1324 3811 Erwliblter
1347 3774 1371 3812 v.
1391 3758 1448 3810 Zeia
1467 3758 1577 3825 (Naum-

397 3831 485 3900 burg).
521 3832 564 3884 Da
586 3848 640 3884 nnn
659 3830 817 3883 Wichmann
841 3830 898 3884 sich
922 3830 989 3883 noch
1014 3829 1042 3882 in
1061 3829 1134 3882 einer
1150 3828 1276 3882 Urkunde
1294 3845 1352 3881 vom
1370 3831 1395 3883 8.
1415 3829 1487 3882 1111111
1509 3833 1573 3884 1154

397 3902 507 3956 Bisohof
522 3921 545 3957 1.
564 3902 721 3969 Naumburg
738 3904 821 3954 neunt
839 3918 864 3955 u.
882 3899 1011 3955 Borthold
1029 3898 1098 3953 wohl
1116 3899 1192 3953 nicht
1209 3916 1254 3952 vor
1272 3898 1319 3952 der
1336 3899 1470 3952 Romreise
1487 3899 1576 3953 Wicb·

397 3991 490 4026 manns
509 3972 544 4040 (A
563 3973 662 4025 rii-Mai
683 3975 761 4036 1154)
780 3989 811 4024 zu
830 3971 922 4025 dassen
940 3971 1100 4038 Naohlolger
1118 3967 1234 4038 gewbhlt
1252 3969 1354 4023 worden
1375 3970 1428 4023 sein
1448 3971 1523 4038 wird,
1543 3971 1577 4023 da

399 4044 521 4098 dberdios
566 4043 665 4096 einrich
684 4042 751 4096 noch
769 4040 1267 4108 55555111155511511Η5115111855115511
1286 4044 1405 4109 genennt
1424 4041 1497 4106 wind,
1517 4041 1577 4094 iiillt

397 4114 439 4167 die
450 4114 577 4168 Urkunde
588 4114 616 4167 in
629 4114 678 4167 den
691 4115 798 4179 Anfang
815 4113 861 4166 des
875 4113 994 4181 „Tagcs“
1008 4130 1039 4166 zu
1055 4110 1157 4176 Goslar,
1175 4111 1238 4165 ι111111
1254 4115 1328 4165 1151.
1359 4111 1409 4164 Ι)15
1421 4111 1577 4180 Belehnung

397 4185 443 4238 der
455 4185 577 4239 Bischdfe
594 4183 785 4252 v.01denbnrg
803 4184 903 4254 (spalat
914 4184 1036 4249 Ltibeckt,
1054 4183 1242 4251 Meolrlenburg
1258 4199 1284 4235 u.
1297 4182 1449 4251 Rataeburg
1467 4184 1577 4252 eriolgto

397 4259 452 4308 oret
474 4257 512 4310 im
530 4256 555 4310 J.
577 4259 652 4309 1160.
690 4254 749 4323 Vgl.
776 4255 840 4308 liber
858 4254 901 4308 die
918 4255 1044 4308 Urkunde
1062 4254 1231 4324 Philippson,
1256 4251 1350 4307 Gesch.
1370 4252 1512 4308 Heinrichs
1531 4253 1576 4307 des

396 4327 490 4380 Idwen
507 4345 533 4380 u.
547 4326 593 4379 der
604 4325 762 4378 Wolfischen
773 4342 799 4379 u.
813 4325 978 4379 Staudschen
990 4325 1089 4379 Politilr
1101 4325 1185 4378 seiner
1197 4323 1256 4377 Zeit
1267 4322 1288 4389 I,
1309 4328 1372 4390 1773
1392 4323 1472 4378 Pruta
1484 4325 1506 4390 I,
1527 4329 1576 4391 56;

397 4395 568 4452 Giesebrecht
584 4397 617 4461 V,
636 4401 679 4462 36,
698 4401 763 4460 3533
783 4395 902 4462 Nitzsch,
922 4395 1015 4450 Gesch.
1037 4396 1062 4451 d.
1081 4395 1106 4451 d.
1124 4396 1156 4451 V.
1170 4395 1206 4462 11,
1226 4398 1277 4449 233
1297 4397 1378 4462 („von
1397 4395 1431 4448 da
1450 4396 1482 4448 ab
1502 4395 1576 4449 siber-

395 4468 489 4536 illigelt
514 4466 633 4521 definitis
661 4466 707 4520 der
731 4466 861 4520 weltliche
879 4467 994 4521 Einduss
1018 4467 1064 4520 des
1082 4467 1200 4535 Heraogs
1222 4465 1272 4519 den
1298 4465 1460 4520 ldrchlichen
1478 4483 1512 4520 an
1531 4466 1577 4520 der

396 4556 496 4608 ganaen
514 4537 722 4606 Ostseelriiste“).
