3617 5284
1388 543 1452 606 217

274 711 435 796 spectabili
456 712 623 778 liberorum
644 716 677 778 et
697 711 948 778 ministerialium
962 712 1163 777 multitudine
1179 715 1319 776 nostram
1334 711 1453 795 suppli·

276 798 353 863 citor
384 798 563 881 imploravit
594 800 807 876 clementiam,
840 801 877 862 ut
909 817 1034 863 omnem
1065 798 1322 874 iurisdictionem,
1358 816 1453 878 quam

276 886 487 950 antecessores
509 886 558 950 sui
571 888 613 950 'ct
633 885 782 950 aecclesia
803 888 835 950 et
857 885 989 948 ducatus
1013 884 1279 966 wirzeburgensis
1302 883 1451 947 aKarolo

275 989 389 1052 magno
410 973 443 1035 et
464 971 608 1036 omnibus
630 971 858 1036 successoribus
888 970 954 1035 suis
983 989 1084 1053 nsque
1112 969 1151 1034 ad
1180 988 1306 1053 presens
1329 972 1453 1052 tempus

275 1056 360 1120 iusta
381 1058 414 1120 et
435 1057 543 1139 quieta
562 1058 756 1141 possessione
779 1057 845 1121 sine
868 1055 1071 1121 diminutione
1103 1057 1272 1121 tenuerunt
1293 1057 1325 1119 et
1345 1074 1451 1138 posse·

275 1141 398 1219 derunt,
422 1142 481 1207 eibi
505 1146 538 1208 et
558 1143 725 1208 aecclesiae
747 1145 779 1208 et
800 1141 927 1206 ducatui
949 1142 1107 1225 imperiale
1130 1141 1315 1208 auctoritate
1338 1146 1369 1204 et
1390 1141 1453 1223 pri-

276 1227 379 1309 vilegii
400 1228 499 1293 nostri
519 1229 692 1294 munitione
714 1227 895 1294 confirmare
918 1227 1125 1310 dignaremur.
1159 1226 1240 1306 Quia
1263 1245 1334 1291 voro
1355 1226 1451 1290 ratio-

275 1313 394 1378 nabiles
414 1314 581 1397 petitiones
602 1315 778 1398 supplicum
800 1314 933 1378 libenter
954 1314 1179 1397 amplectimur,
1203 1313 1256 1394 qui
1279 1312 1374 1376 etiam
1388 1331 1451 1376 non

274 1399 376 1482 rogati
386 1400 471 1464 iusta
480 1399 615 1481 cogitare
627 1401 784 1476 debemus,
796 1400 939 1464 definitas
949 1418 999 1464 res
1010 1401 1048 1465 ab
1060 1400 1198 1483 antiquis
1206 1398 1453 1482 imperatoribus,

276 1505 355 1568 qnae
377 1491 483 1550 tamen
506 1489 628 1551 constat
648 1487 874 1552 rationabiliter
895 1503 962 1550 esso
985 1486 1124 1550 decretas
1146 1489 1178 1550 et
1200 1486 1239 1549 ab
1254 1484 1403 1549 aecclesia
1423 1486 1454 1548 st

275 1571 392 1636 ducatu
406 1571 656 1654 Wirreburgensi
678 1571 867 1654 longissimis
888 1571 1143 1654 possessionibus,
1164 1574 1202 1636 ut
1224 1574 1256 1635 et
1271 1569 1453 1634 memoriam

275 1656 438 1733 bominum
473 1658 637 1734 excedant,
673 1656 925 1740 irrefragabiliter
961 1657 1082 1722 habites
1119 1662 1151 1721 et
1183 1658 1331 1732 usitatas,
1368 1655 1455 1720 nulle

134 1763 137 1769 ·
275 1745 420 1808 solumne
441 1743 585 1827 deinceps
607 1744 811 1827 ambignitate
833 1742 976 1819 titubare,
1000 1744 1073 1826 quia
1087 1743 1176 1808 decet
1189 1744 1316 1806 firmum
1331 1761 1454 1824 semper

274 1829 414 1906 existere,
442 1829 525 1910 qnod
554 1829 741 1912 antiquitate
770 1832 802 1894 ct
827 1828 975 1893 diutmnc
997 1829 1190 1913 possessione
1212 1827 1454 1904 commendatur,

273 1932 332 1978 nec
349 1913 452 1997 priora
473 1933 622 1997 quassare
643 1916 792 1992 valemus,
814 1915 869 1978 ubi
888 1915 985 1978 nicbil
1007 1917 1062 1992 est,
1086 1914 1168 1996 quod
1190 1915 1341 1996 corrigere
1363 1913 1454 1977 debe-

274 2018 374 2064 amus.
415 1999 493 2064 Inde
508 2003 568 2077 cst,
592 2001 676 2083 quod
697 2000 816 2084 prelato
837 1999 972 2064 Heroldo
987 2000 1154 2065 venerabili
1170 2001 1312 2083 episcopo
1327 1999 1454 2080 suisque

274 2085 503 2150 successoribus
531 2085 564 2150 in
590 2089 777 2170 perpetuum
807 2105 862 2170 pro
890 2085 963 2150 fidei
993 2105 1068 2150 enee
1091 2088 1123 2150 et
1144 2085 1363 2167 obsequiorum
1386 2103 1455 2168 pre-

274 2170 365 2235 claris
400 2171 521 2237 meritis
556 2175 590 2236 et
624 2174 803 2237 interventu
837 2171 917 2236 sacri
946 2171 1066 2252 collegii
1094 2171 1250 2255 prediatus
1280 2169 1453 2246 aecclesiae,

274 2257 363 2321 cuim
385 2257 507 2323 devotio
528 2257 661 2341 pectoris
675 2257 775 2322 nostri
796 2257 1008 2340 penetralibus
1031 2257 1159 2334 inheret,
1182 2275 1218 2320 ac
1231 2256 1399 2320 liberorum
1422 2259 1454 2320 et

273 2342 525 2408 ministerialium
544 2343 700 2408 indefessa
714 2343 939 2427 supplicatione
954 2343 1067 2407 devicti
1084 2343 1195 2407 damus
1210 2344 1242 2406 et
1257 2341 1453 2406 concedimus

274 2430 308 2492 et
332 2429 486 2511 presentie
514 2429 669 2514 privilegii
696 2429 869 2494 munimine
899 2429 1119 2494 confirmamus
1150 2446 1300 2494 omnem
1334 2426 1452 2491 iuris-

274 2514 492 2580 dictionem
521 2535 592 2580 seu
612 2517 769 2600 plenam
790 2516 1036 2598 potestatem
1058 2514 1231 2579 faciendi
1254 2512 1454 2579 iustitiam

274 2619 343 2684 per
365 2602 491 2665 totum
513 2602 783 2686 episcopatum
805 2603 842 2666 et
863 2600 1051 2665 ducatum
1074 2601 1454 2682 wirzeburgensem

274 2690 313 2750 et
332 2706 397 2770 per
418 2706 551 2752 omnes
581 2687 773 2752 cometiae
801 2687 840 2751 in
870 2685 1006 2752 eodem
1035 2687 1274 2770 episcopatu
1303 2686 1369 2750 sol
1390 2683 1454 2749 du·

274 2775 367 2837 catu
388 2772 487 2838 sitas
509 2774 555 2838 de
576 2773 725 2872 rapinis
746 2775 784 2838 et
803 2771 1016 2849 incendiis,
1039 2773 1084 2836 de
1106 2771 1268 2837 allodiis
1291 2771 1454 2835 etbeno-

273 2857 400 2935 liciis,
422 2858 465 2922 de
487 2858 712 2924 bominibus
733 2858 838 2923 etde
860 2858 1038 2923 vindicta
1060 2857 1289 2942 sanguinis;
1313 2857 1453 2920 statuen-

275 2947 323 3008 tes
343 2943 507 3026 imperialii
530 2944 716 3010 auctoritate
748 2946 781 3008 et
806 2945 875 3026 lege
903 2946 1052 3028 perpetuo
1081 2945 1215 3009 valitura
1244 2942 1453 3018 decernentes,

275 3049 315 3094 ne
348 3027 454 3110 aliqua
485 3030 713 3095 aecclesiastica
744 3029 931 3094 secularisve
963 3049 1096 3113 persona
1128 3029 1234 3113 aliqua
1266 3027 1452 3092 temeritatis

275 3114 507 3198 presumptione
529 3117 637 3180 contra
657 3115 804 3180 instituta
825 3114 1025 3197 antiquorum
1048 3116 1231 3199 principum,
1257 3118 1365 3178 contra
1386 3113 1454 3177 diu-

275 3203 403 3265 turnam
417 3203 449 3265 et
463 3199 579 3266 iustam
593 3200 822 3284 possessionem
836 3201 1102 3284 wirzeburgensis
1118 3201 1284 3266 aecclesiae
1300 3202 1332 3265 et
1346 3201 1454 3264 nostra

158 3291 165 3306 '
274 3286 491 3351 intemeranda
512 3287 637 3351 decreta
658 3287 797 3364 veniens,
822 3305 879 3370 per
899 3289 1002 3351 toturn
1025 3288 1316 3370 wirzeburgensem
1338 3285 1454 3368 spisco-

274 3373 386 3456 patum
417 3375 449 3436 et
478 3373 627 3437 ducatum
655 3375 688 3437 ct
715 3374 863 3438 cometiae
890 3371 973 3438 infra
1002 3375 1150 3438 terminos
1181 3372 1376 3456 episcopatus
1406 3371 1453 3434 vel

275 3459 408 3524 ducatus
430 3459 507 3524 sitas
529 3458 721 3523 iudiciariam
741 3460 930 3542 potestatem
953 3459 991 3524 de
1012 3459 1116 3543 predis
1143 3459 1191 3523 vel
1219 3456 1368 3522 incendiis
1397 3459 1453 3520 aut

275 3545 313 3608 de
342 3544 463 3609 allodiis
492 3564 549 3609 seu
577 3543 732 3609 beneficiis
754 3545 819 3609 sire
840 3544 1018 3610 bominibus
1041 3546 1185 3629 deinceps
1207 3545 1364 3618 exerceat,
1393 3542 1453 3606 nisi

275 3631 360 3694 solus
383 3630 649 3713 wirceburgensis
677 3629 838 3714 episcopus
861 3638 893 3695 et
914 3630 990 3708 dux,
1021 3634 1069 3696 vel
1097 3632 1147 3697 cui
1168 3631 1234 3713 ipse
1257 3627 1456 3703 commiserit,

274 3716 346 3780 boc
367 3719 544 3799 excepto,
576 3716 679 3797 quod
708 3717 872 3782 comites
899 3717 943 3783 de
966 3717 1105 3782 liberis
1126 3715 1361 3789 hominibus,
1390 3713 1453 3796 qui

276 3802 395 3884 vulgo
428 3802 599 3884 bargildi
633 3805 841 3879 vocantur,
877 3802 917 3867 in
950 3803 1127 3868 comitiis
1160 3800 1454 3876 babitantibus,

276 3888 476 3951 statutam
509 3886 721 3952 iusticiam
738 3889 918 3971 recipere
947 3889 1099 3954 debent.
1144 3886 1302 3971 Imperiali
1326 3904 1450 3968 quoque

273 3975 417 4056 precepto
439 3973 625 4050 inhibemus,
647 3993 694 4038 ne
719 3973 869 4057 aliquis
899 3975 938 4039 in
967 3975 1124 4058 prefato
1153 3974 1392 4058 episcopatu
1414 3973 1454 4034 et

275 4057 424 4122 ducatu
452 4059 514 4123 vel
543 4059 580 4122 in
609 4059 784 4124 comitiis
805 4059 846 4123 in
868 4061 927 4124 eis
949 4061 1039 4126 sitis
1063 4060 1222 4142 aliquas
1245 4055 1453 4123 centurias

275 4143 402 4208 iaciat
430 4145 491 4208 vel
520 4145 779 4227 centgravios
808 4146 1053 4224 constituat,
1085 4148 1165 4212 nisi
1193 4142 1454 4209 concessione

276 4228 454 4313 episcopi
476 4229 590 4295 ducis
610 4229 969 4314 Wirzeburgensis.

362 4349 523 4427 Preterea,
553 4350 628 4433 quia
662 4351 701 4416 de
729 4357 830 4416 castro
851 4351 1025 4433 Brambcrg
1051 4323 1140 4434 quies
1161 4351 1245 4435 pacis
1267 4349 1363 4415 totius
1385 4367 1455 4432 pro-

274 4436 394 4501 vinciae
414 4454 488 4520 sepe
510 4437 696 4501 turbabatur
718 4439 750 4501 et
771 4437 944 4502 multorum
965 4437 1119 4502 malorum
1141 4436 1316 4502 occasiones
1346 4439 1454 4500 contra
