3617 5284
369 556 431 622 194

365 727 479 811 peditis
506 728 680 811 perieulum
707 727 819 805 trabit,
844 727 1025 810 frequenter
1046 728 1128 813 perit
1149 729 1413 812 opportunitatem
1436 747 1544 810 geren·

365 813 484 878 dorum
520 813 683 897 Papiensis
705 817 738 878 et
758 814 958 880 Plaoentinus
981 814 1116 898 episeopi
1137 815 1214 879 satie
1236 817 1269 880 et
1290 813 1543 898 supramodum,

365 918 420 982 pro
441 902 539 984 parte,
567 919 647 983 quae
676 900 803 965 eentidit
829 901 863 964 in
885 901 1026 978 homine,
1055 901 1212 965 sollieiteti
1239 903 1327 978 eunt,
1355 899 1410 964 sed
1431 902 1543 964 uenter

365 1005 473 1050 eorum
494 987 652 1051 eonsensit
673 985 799 1052 oonsilio
821 989 854 1051 et
867 987 989 1052 astibus
1004 987 1190 1069 iniquomm,
1213 987 1361 1068 quoniam
1381 989 1544 1069 expectant

365 1077 397 1135 et
417 1072 478 1155 ipsi
498 1090 632 1155 regnum
652 1071 796 1147 Domini;
819 1073 863 1136 eis
885 1075 991 1138 temen
1012 1072 1157 1136 imminet
1178 1073 1353 1156 imperator,
1377 1073 1414 1136 ut
1436 1090 1543 1136 eorum

364 1159 503 1307 exemplo
517 1159 652 1308 &bereti
660 1159 848 1308 Σἶὲιιιοιιιιιιιιι
864 1159 995 1223 verbum
1015 1157 1133 1258 dedant
1156 1177 1212 1241 pro
1241 1159 1372 1224 veritate
1394 1158 1543 1308 secuturus,

364 1263 455 1308 eeoeu
477 1263 516 1308 en
593 1263 630 1308 ex
698 1263 788 1309 verso
822 1264 844 1306 u
883 1261 970 1319 rum,
999 1262 1064 1308 ser
1087 1263 1286 1309 sesmarum
1319 1263 1337 1308 o
1380 1263 1461 1308 enan
1496 1263 1544 1307 m-

364 1329 602 1413 expngnebilem
622 1349 678 1414 pro
698 1330 790 1394 dome
810 1262 918 1394 Isfflel.
961 1329 1002 1394 itt
1024 1265 1099 1412 qnia
1120 1330 1176 1396 tibi
1204 1349 1267 1395 non
1296 1263 1386 1394 ali&
1408 1349 1444 1394 ae
1465 1323 1544 1395 mihi

363 1415 423 1498 ipsi
452 1415 576 1498 loquer,
605 1415 754 1498 quioquid
780 1415 880 1480 terret
900 1416 933 1480 in
955 1418 1093 1499 peolore,
1119 1419 1263 1499 patenter
1292 1434 1451 1500 exponam.
1495 1415 1541 1479 Tu

364 1501 454 1582 quasi
474 1500 616 1578 vieinior,
645 1504 677 1566 et
699 1503 750 1566 eui
770 1521 877 1566 rerum
898 1500 992 1566 iaeies
1013 1502 1198 1567 familiarius
1219 1501 1399 1580 innoteeeit,
1425 1501 1540 1585 poteris

364 1587 401 1650 de
424 1587 556 1669 singulis
578 1587 703 1670 plenius
725 1592 758 1652 et
784 1587 908 1653 fidelius
930 1587 1076 1652 iudieare.
1099 1587 1133 1653 Si
1147 1587 1365 1652 sehismetieus
1387 1587 1472 1652 furor
1494 1606 1543 1651 ro-

365 1673 481 1737 boretis
495 1672 638 1755 pertibus
652 1675 759 1739 minus
774 1673 934 1757 ingruerit,
956 1678 1000 1751 ut,
1014 1693 1110 1757 penes
1126 1691 1204 1756 quoe
1220 1674 1367 1738 eeolesiae
1382 1673 1542 1738 Romanae

363 1761 486 1823 constet
500 1760 680 1837 auotoritas,
703 1779 771 1826 esse
792 1759 893 1844 possit
913 1759 1105 1842 ambiguum,
1126 1759 1205 1824 nihil
1226 1759 1303 1823 mihi
1328 1758 1449 1824 videtur
1471 1778 1543 1823 oon-
1564 1769 1566 1774 “

363 1844 476 1908 anitius
492 1864 588 1929 quam
613 1845 848 1929 praeeleetionis
864 1845 1053 1910 sententiam
1069 1845 1183 1910 differri
1198 1845 1231 1908 in
1247 1845 1331 1910 diem
1344 1845 1541 1911 revelationis

362 1931 437 1995 iusti
452 1931 558 1996 iudieii
568 1930 704 2009 Domini,
719 1933 867 2014 quoniam
881 1931 937 1996 illo
954 1932 1021 1996 sola
1034 1931 1100 1996 dies
1112 1933 1228 1996 vietum
1244 1930 1365 1996 foetura
1379 1933 1541 1995 noeentem

361 2020 418 2081 est
463 2017 497 2082 Si
520 2017 656 2099 quidem,
672 2030 715 2082 'ut
737 2018 782 2082 ait
802 2017 864 2096 ille,

549 2120 663 2198 „Nulla
684 2138 796 2186 manus
818 2121 892 2186 belli
914 2123 1036 2186 mutato
1058 2119 1159 2185 iudioe
1202 2138 1261 2185 ura
1283 2123 1357 2185 est·‘

361 2205 403 2268 Et
425 2205 560 2270 hominis
580 2206 703 2272 iustitia
723 2207 907 2272 meritorum
928 2209 1060 2272 veritate
1082 2225 1144 2271 uon
1166 2140 1274 2289 plane,
1297 2225 1359 2271 non
1381 2206 1473 2289 pleno
1494 2206 1541 2269 in-

361 2291 504 2369 telleotu,
530 2292 636 2374 aliqua
662 2293 774 2357 erroris
801 2294 885 2358 nube
907 2293 1091 2376 plerumque
1113 2293 1322 2357 subvertitur.¹
1358 2294 1400 2356 At
1421 2291 1541 2356 institia

360 2376 486 2442 Domini
512 2377 545 2441 iu
575 2384 737 2443 aeternum
765 2378 887 2443 iustitie
916 2381 973 2443 est
1021 2379 1152 2442 Interim
1179 2377 1277 2443 donee
1303 2377 1460 2442 illuminet
1488 2377 1541 2441 ab·

361 2462 503 2528 soendite
528 2465 745 2542 tenebrarum,
772 2464 963 2529 invooandus
992 2469 1041 2528 est
1063 2466 1094 2528 et
1116 2463 1288 2547 rogandus,
1317 2468 1354 2527 ut
1375 2461 1541 2527 manifesto

361 2548 554 2614 demonstret
575 2549 696 2628 iudidio,
719 2569 814 2634 quem
827 2551 894 2634 ipse
908 2549 1077 2634 praeelegit
1093 2550 1230 2649 aenipere
1246 2551 1362 2614 sertem
1376 2548 1541 2613 ministerii

359 2635 463 2699 huius.
507 2634 600 2700 Sed·¹
622 2642 729 2701 temen
749 2637 828 2701 nihil
851 2640 908 2715 est,
938 2636 1021 2720 quod
1049 2637 1223 2718 quaestioni
1245 2635 1340 2700 faeiat
1360 2636 1463 2699 leenm
1486 2639 1541 2698 aut

361 2721 503 2786 dubitare
530 2722 693 2804 permittat
719 2723 768 2788 vel
795 2721 1109 2787 Aeodemieum‘lere
1137 2722 1176 2787 ed
1198 2723 1304 2787 omnia
1324 2721 1539 2797 fluctuantem,

360 2827 460 2888 qaum
489 2827 605 2873 novum
626 2827 684 2891 por
705 2808 931 2874 deportantium
952 2810 985 2874 in
1006 2809 1147 2873 omnium
1168 2809 1359 2874 intuentium
1381 2809 1540 2891 stuporem

361 2893 493 2958 Domino
521 2893 721 2977 permittente
751 2894 949 2979 proeesserit,
978 2894 1051 2959 hine
1072 2897 1139 2959 tote
1160 2898 1263 2959 stante
1295 2893 1438 2971 eoeleste,
1468 2893 1539 2957 inde

361 2979 434 3044 eolis
450 2979 550 3044 tribum
564 2979 697 3062 flagellis
714 2981 893 3046 arundineis
915 2981 948 3044 in
971 2999 1013 3058 se,
1037 2981 1114 3045 dum
1135 2980 1275 3046 soindere
1297 2981 1453 3044 unitatem
1474 2998 1541 3043 mo-

361 3065 496 3143 liuntur,
524 3066 663 3131 divinem
683 3067 922 3150 provoeantibus
943 3066 1103 3132 ultionem.
1148 3065 1182 3130 Si
1202 3083 1366 3151 personam
1388 3084 1540 3149 personae

360 3150 514 3229 oonteres,
536 3153 615 3217 ulter
635 3153 793 3218 litteratus
815 3151 1225 3231 est,modestus,l1umilis,
1256 3151 1395 3216 institiae
1417 3153 1539 3230 zelator,

361 3238 441 3302 alter
469 3238 568 3302 solam
591 3257 714 3322 semper
736 3240 896 3322 amplexus
919 3241 968 3303 est
988 3239 1168 3303 vanitatem
1213 3237 1247 3303 Si
1270 3257 1397 3302 oausam
1419 3256 1539 3314 eaesae,

361 3324 441 3387 alter
467 3323 598 3406 ingessit
625 3343 659 3389 se
682 3327 833 3407 tanquam
855 3324 905 3389 tor
927 3327 959 3389 et
979 3325 1059 3389 latro
1080 3343 1178 3388 mann
1199 3323 1351 3402 violenta,
1379 3323 1540 3408 exquisitis

361 3408 455 3486 dolis,
484 3427 596 3493 sponso
618 3411 800 3493 indignante
821 3411 855 3474 in
876 3429 1008 3494 sponsae
1031 3410 1191 3494 amplexus
1214 3410 1323 3484 irruit:
1352 3411 1432 3474 alter
1453 3412 1539 3474 oasto

360 3495 477 3577 pudore
492 3495 641 3574 substitit,
666 3501 836 3579 antequam
849 3495 1099 3561 introdueeretur
1121 3515 1139 3560 a
1161 3513 1282 3580 speum
1319 3495 1412 3562 Unde
1432 3515 1540 3561 veren-

361 3580 451 3659 dum,
479 3601 519 3646 ne
549 3587 615 3646 tam
636 3581 794 3648 manifesti
816 3582 940 3648 seeleris
962 3581 1060 3647 dilato
1081 3581 1240 3647 damnatio
1263 3600 1357 3646 suum
1379 3581 1538 3646 sehismeti

361 3667 503 3731 videatur
523 3669 670 3751 praebere
692 3687 887 3734 eonsensum.
942 3723 943 3727 ,

445 3769 533 3835 Iieet
560 3769 704 3839 dominns
726 3771 961 3839 cantuariensis
982 3773 1133 3856 languore
1160 3771 1358 3855 gravissimo,
1385 3773 1422 3835 ιιι
1449 3771 1539 3846 nosti,

361 3857 513 3934 teneatur,
535 3857 630 3922 huius
651 3859 957 3924 tameuueeessitate
971 3857 1057 3923 verbi
1078 3857 1316 3923 eouroeatis
1338 3857 1540 3940 episeopis

362 3945 401 4006 et
422 3941 525 4007 elero
547 3943 680 4008 totius
700 3945 812 4027 regui
834 3943 1057 4008 Londinum
1078 3945 1281 4027 properat,
1303 3944 1346 4005 ιιι
1367 3941 1539 4007 fratrum

360 4030 576 4094 oouvoeato
607 4030 789 4107 eoneilio,
812 4030 903 4114 quid
926 4028 1033 4094 laeto
1056 4049 1153 4112 epus
1175 4029 1242 4107 sit,
1271 4028 1429 4093 domino
1450 4027 1538 4110 regi

361 4133 446 4178 enm
467 4115 703 4180 oonsulenti
724 4114 943 4198 signitieet.
981 4115 1190 4193 Timebamus,
1204 4133 1243 4180 ne
1260 4133 1296 4178 ex
1311 4132 1406 4178 eausa
1420 4113 1539 4178 itineris

361 4200 495 4284 amplius
523 4205 723 4283 gravaretn13
751 4201 883 4284 ideoque
907 4201 1065 4266 Aeardum
1093 4203 1233 4266 vestrum
1251 4219 1310 4350 per
1332 4199 1453 4282 aliquot
1473 4199 1539 4263 dies

361 4285 481 4350 detinui
502 4287 705 4366 renitentem,
733 4293 771 4352 nt
793 4287 830 4353 de
853 4289 940 4352 statu
969 4287 1101 4366 domiui,
1128 4289 1195 4371 ipso
1216 4306 1250 4351 re
1264 4289 1370 4351 erente
1393 4304 1473 4368 quae
1495 4285 1539 4350 vi-

449 4487 476 4558 e)
495 4487 583 4543 oue:
602 4487 634 4543 e.
