3617 5284
366 544 430 608 258

453 713 570 768 Annales
582 712 670 768 Colon.
683 729 752 768 max.
765 713 800 766 ed
819 729 917 768 annum
933 717 1014 769 1179:
1033 711 1203 784 (Imperatori
1216 712 1315 766 curiam
1333 713 1361 766 in
1380 715 1472 766 octava
1492 711 1546 782 epi·

366 783 479 908 phanias
498 784 703 838 Wormaciae
721 783 817 837 habuit
835 801 881 854 pro
899 784 1019 854 predicta
1038 784 1199 838 dissensione
1217 783 1378 837 Coloniensis
1391 783 1506 853 episcopi
1517 786 1545 836 et

386 855 441 908 ucis
468 858 496 908 et
522 855 669 924 principum
696 853 863 907 orientalium
890 855 1030 918 Saxonum,
1057 855 1102 924 qui
1127 871 1215 908 omnes
1240 854 1371 907 iusticiam
1394 853 1426 907 de
1446 853 1545 908 duces

366 925 460 980 Cesare
478 925 662 995 implorabant,
680 942 739 978 cum
758 924 802 977 ille
821 928 909 979 tamen
929 927 1023 978 absens
1042 929 1113 978 esset
1131 969 1137 979 .
1152 966 1178 978 ..
1206 923 1285 978 Curia
1304 924 1374 994 apud
1391 923 1544 992 Magede-

366 997 450 1063 burg
467 995 534 1049 sotis
553 996 675 1048 celebris:
704 994 872 1059 Querimonia
895 996 1012 1051 omnium
1035 1013 1101 1078 pene
1119 995 1266 1065 principum
1284 995 1322 1048 ibi
1339 994 1434 1048 habita
1451 997 1493 1047 est
1511 993 1543 1046 de

367 1067 432 1120 duce
451 1066 590 1130 Saxonum,
610 1065 654 1136 qui
673 1066 727 1119 iam
745 1083 791 1135 per
810 1082 907 1119 sunum
927 1066 960 1120 ad
980 1065 1141 1120 audientiam
1161 1068 1268 1118 vocatus
1288 1065 1375 1118 venito
1394 1067 1442 1118 aut
1458 1065 1546 1118 noluit

367 1141 416 1190 anit
432 1137 531 1202 timuit,
550 1137 639 1206 ibique
657 1136 670 1188 1
675 1153 755 1189 raus
773 1136 848 1189 eius
867 1140 902 1189 et
919 1137 1071 1207 perfidie
1089 1137 1201 1205 prImum
1214 1136 1365 1206 imperatori
1378 1135 1483 1188 detecta
1495 1139 1543 1190 est.

366 1208 423 1260 Nec
450 1208 533 1260 multo
594 1211 621 1260 st
646 1206 779 1276 expedicio
805 1207 833 1259 in
857 1207 997 1260 Saxooiam
1024 1207 1057 1260 eb
1083 1207 1240 1288 imperatore
1264 1209 1292 1260 et
1315 1206 1397 1276 princi
1418 1206 1476 1258 ibus
1495 1206 1546 1258 col-

366 1277 499 1332 laudatur.
513 1307 543 1317 —
580 1277 598 1330 d
611 1293 707 1330 annum
729 1281 810 1330 1180:
828 1276 860 1330 In
871 1278 959 1330 media
977 1277 1179 1348 quadragesima
1191 1277 1291 1330 curiam
1305 1276 1375 1346 apud
1413 1277 1544 1330 elinhusin

366 1348 469 1402 lrabuit.
505 1347 547 1400 Ibi
573 1347 706 1401 sententia
727 1348 811 1416 ipsius
837 1347 941 1401 Cesarh
967 1351 995 1402 et
1019 1347 1123 1401 iudicio.
1140 1350 1292 1400 cunctorum
1319 1347 1467 1417 principum
1493 1347 1545 1398 dux

367 1419 494 1473 Saxoniae
514 1419 612 1472 ducatu
630 1435 677 1470 suo
695 1419 822 1488 privatur,
841 1421 869 1471 et
887 1435 994 1471 assensu
1014 1421 1166 1471 cunctorum
1185 1417 1322 1488 episeopus
1339 1417 1500 1472 Coloniensis
1517 1417 1545 1469 iu

367 1506 430 1542 sua
447 1489 579 1542 diocesi
597 1493 634 1542 et
651 1505 710 1557 per
728 1505 854 1542 omnem
873 1488 1082 1542 Westialiam
1101 1491 1135 1541 et
1152 1488 1311 1555 Angriam
1330 1488 1414 1541 eidem
1438 1488 1546 1540 ducatui

367 1560 518 1683 hmffin
539 1558 649 1682 lpolique
675 1561 764 1612 autem
791 1575 854 1628 pere
877 1576 925 1629 per
951 1576 1052 1612 omnem
1078 1559 1216 1612 Saxcuiam
1245 1559 1334 1612 comiti
1361 1558 1495 1612 Bemardo
1514 1557 1546 1610 de

395 1647 429 1683 an
493 1633 637 1684 tovemt.

456 1717 602 1771 Annales
628 1716 948 1787 Erphesfurdenses
978 1715 1026 1785 (M.
1055 1715 1087 1771 G.
1107 1716 1152 1772 SS.
1171 1717 1252 1784 XVI,
1277 1721 1309 1770 24
1329 1717 1362 1780 f.)
1389 1717 1423 1770 ad
1448 1733 1545 1769 annum

370 1791 451 1841 1180:
479 1787 519 1840 Im
549 1790 640 1841 fratcre
667 1789 767 1840 curiam
795 1804 869 1841 suam
897 1788 967 1841 circa
994 1787 1161 1858 epiphaniam
1181 1788 1286 1841 Domini
1306 1788 1375 1858 apud
1395 1787 1546 1840 Wireeburc

367 1857 489 1924 habente,
535 1859 656 1923 einricus,
675 1859 807 1912 Saxonum
825 1875 856 1910 ac
873 1857 1029 1911 Noricorum
1048 1858 1175 1912 hactenus
1194 1858 1291 1912 ducatu
1310 1861 1402 1928 potens
1421 1860 1449 1911 et
1466 1858 1547 1910 famo·

368 1929 489 1982 sissimus
508 1929 661 1996 interregni
678 1929 813 1998 primates,
832 1928 998 1982 evidentibus
1019 1929 1124 1982 indIciis
1142 1929 1253 1982 Romani
1273 1930 1379 1997 agnitus
1398 1929 1482 1982 hostis
1500 1929 1548 1980 im·

367 1999 442 2069 perii,
461 2000 620 2069 presentiam
638 1999 679 2052 sai
698 1999 939 2066 regiaemaiestati
957 2000 1010 2052 iam
1030 1999 1074 2052 din
1094 2000 1209 2052 animose
1227 2000 1394 2065 subtrahens,
1413 1999 1486 2052 velut
1497 1999 1547 2051 im·

368 2071 464 2139 pmbus
489 2069 633 2123 multamm
656 2069 761 2128 invasor
783 2069 950 2123 ecclesiarum
973 2072 1001 2123 et
1023 2069 1152 2124 violentus
1178 2069 1274 2140 ubique
1292 2086 1428 2152 oppressor
1447 2069 1547 2124 Christi

368 2156 512 2210 pauperum
539 2157 569 2193 ex
597 2140 729 2193 sententia
756 2139 922 2209 imperatoris
949 2143 976 2193 et
1000 2141 1118 2193 unanimi
1143 2157 1269 2194 consensu
1294 2157 1472 2210 episcopcrum
1501 2156 1546 2192 seu

386 2210 514 2280 rincipum
542 2211 597 2263 suis
624 2211 745 2263 omnibus
771 2209 919 2276 abdicatus,
947 2211 1049 2264 cunctis
1078 2211 1272 2281 persequendus
1299 2211 1485 2281 proscribitur,
1520 2213 1548 2262 et

368 2228 496 2334 hunniae
520 2281 633 2334 ducatus
655 2280 740 2334 eidem
758 2280 901 2334 secundum
920 2297 1056 2334 censuram
1074 2282 1234 2350 presencium
1255 2283 1368 2343 ablatus,
1394 2280 1547 2334 Bemhardo

369 2352 460 2404 comiti
479 2352 506 2404 in
524 2351 657 2421 presentia
675 2350 825 2404 solemniter
844 2351 985 2406 addicitur.
1016 2351 1081 2420 (Der
1093 2351 1202 2406 Bericht
1219 2352 1320 2405 basiert
1332 2349 1547 2405 walrrscheiulich

368 2423 417 2475 aui
432 2439 539 2475 unserer
556 2421 703 2490 Urhunde.)

456 2509 573 2563 Annales
591 2509 833 2578 Magdeburgsnses
852 2509 899 2578 (M.
920 2508 952 2564 G.
971 2509 1015 2564 SS.
1036 2509 1107 2575 XVI,
1129 2511 1189 2576 194)
1209 2511 1243 2564 ad
1262 2527 1358 2564 annam
1380 2513 1462 2564 118οε
1488 2509 1547 2562 Dux

369 2579 509 2634 Heinricue
528 2581 562 2632 ab
580 2579 737 2650 imperatore
756 2581 790 2633 ad
805 2581 905 2634 curiam
913 2581 1058 2634 Wirciburc
1078 2584 1184 2634 vocatus
1203 2585 1230 2634 et
1247 2581 1334 2634 venire
1352 2583 1546 2650 contempnens,

369 2668 400 2704 ex
419 2651 551 2704 sententia
568 2650 714 2721 principum
732 2667 793 2704 rens
810 2652 959 2704 maiestatis
984 2655 1012 2704 ct
1030 2651 1127 2732 privari
1145 2653 1277 2706 boneficiis
1296 2652 1480 2716 adiudicatnr3
1506 2651 1547 2704 cui

370 2721 540 2774 Bernhardus
557 2739 644 2775 comes
662 2722 689 2774 in
708 2721 805 2774 ducatu
825 2721 936 2776 Saxonis
955 2722 1135 2776 substituitur.

458 2809 603 2864 Chroniccn
621 2809 713 2878 Magni
734 2810 884 2878 Presbyteri
910 2809 945 2862 ud
963 2826 1060 2863 annum
1081 2813 1148 2864 1180
1174 2810 1221 2877 (Μ.
1241 2809 1272 2864 G.
1293 2809 1337 2864 SS.
1358 2809 1444 2876 XVII,
1471 2809 1547 2874 506):

369 2880 515 2950 Imperator
538 2881 637 2933 curiam
662 2881 804 2934 celebravit
821 2879 966 2950 Ratispcno
985 2885 1010 2934 3.
1030 2879 1088 2935 Kal.
1107 2880 1173 2934 Julii
1193 2922 1199 2936 .
1219 2923 1225 2935 .
1245 2918 1251 2932 .
1288 2881 1422 2950 Principes
1447 2897 1548 2950 quoquc

369 2950 497 3004 Senoniae
516 2951 614 3004 multus
632 2968 725 3018 graves
744 2951 919 3020 querimonias
939 2951 1064 3004 udmrsus
1081 2951 1192 3004 eundem
1208 2951 1298 3004 ducem
1314 2947 1350 3004 ibi
1364 2950 1547 3020 deposnerunt.

370 3020 469 3074 Tamen
488 3021 618 3074 communi
637 3022 769 3074 sententia
786 3021 933 3091 principum
954 3021 1133 3075 adiudicatum
1152 3024 1201 3088 est,
1224 3039 1283 3075 eum
1302 3022 1395 3075 debere
1414 3020 1547 3086 removeri,

369 3091 582 3161 qrrandcquidem
601 3091 635 3144 ad
654 3093 752 3145 iustam
769 3093 963 3161 responsionem
982 3095 1089 3144 vocatas
1108 3109 1159 3146 non
1178 3092 1285 3147 venerit.

457 3179 625 3234 Continuatic
644 3179 819 3233 Sanblasiena
843 3179 890 3246 (M.
911 3179 942 3233 G.
962 3178 1007 3235 SS.
1026 3179 1085 3244 XX,
1110 3181 1174 3246 316)
1199 3180 1233 3233 ad
1252 3197 1348 3234 anirum
1369 3183 1450 3234 1177:
1487 3179 1549 3246 (lm-

369 3252 485 3319 perator)
509 3265 633 3303 memor
657 3253 876 3320 contemptus
901 3266 918 3303 s
942 3249 1024 3304 duco
1050 3250 1216 3304 Heinrico
1241 3251 1330 3318 apud
1349 3251 1548 3305 Clarennam

369 3320 440 3373 sibi
458 3320 624 3384 exhibiti,
652 3320 679 3373 in
697 3321 784 3390 ipsum
803 3320 1030 3374 vehementissime
1048 3321 1147 3374 exarsit
1165 3325 1200 3386 et,
1219 3323 1288 3391 quod
1307 3320 1409 3376 Italicis
1427 3321 1549 3374 hostibus

369 3391 511 3459 reipublice
529 3393 621 3443 contra
639 3390 777 3460 imperium
795 3391 902 3457 faveret,
922 3391 1050 3444 universis
1068 3391 1230 3472 principibus
1249 3391 1424 3462 corrqueritur.
1466 3391 1548 3444 Data·

370 3477 420 3530 que
442 3461 467 3514 oi
493 3462 567 3514 curia
591 3460 660 3530 apud
680 3461 807 3514 Ulmum
831 3463 917 3543 ipsum
942 3461 976 3514 ad
1001 3461 1127 3515 iudicium
1149 3463 1313 3516 sulmundum
1331 3461 1460 3530 imperiali
1479 3478 1549 3514 more

369 3531 469 3586 citavit.
507 3530 563 3654 iao
581 3532 772 3591 conveniente,
791 3549 891 3585 curram
904 3531 955 3584 sibi
969 3533 1109 3585 secundam
1121 3533 1244 3603 Ratisp
1255 3550 1315 3587 ono
1334 3532 1451 3603 prefixit;
1470 3549 1548 3602 quam

369 3601 443 3671 parvi
461 3618 512 3671 pen
531 3618 585 3667 ens,
604 3602 711 3655 tertiam
729 3602 931 3655 nichilominus
951 3603 1021 3682 apud
1042 3601 1204 3673 Herbipolim
1224 3604 1275 3658 sibi
1293 3603 1384 3657 datam
1402 3602 1551 3673 supersedit

371 3673 459 3742 ibique
476 3673 610 3725 sententia
627 3672 774 3742 principum
793 3673 891 3726 ducatu
910 3671 1005 3726 Norico
1029 3691 1087 3726 cum
1107 3673 1232 3729 Saronico
1257 3678 1285 3728 et
1306 3675 1377 3728 omui
1401 3673 1548 3742 prediorum

369 3746 398 3796 et
414 3743 597 3796 beneficiorum
616 3744 787 3813 possessione,
806 3743 936 3796 feodali
954 3761 1039 3813 pena
1056 3745 1194 3811 multatus,
1213 3745 1339 3812 privatur.

457 3829 602 3885 Chronicon
627 3830 726 3885 Montis
750 3831 840 3884 Sereni
851 3831 913 3954 1phi.
941 3829 972 3885 G.
998 3831 1042 3885 SS.
1068 3831 1169 3893 XXIII,
1202 3835 1262 3899 111)
1287 3833 1320 3886 ad
1346 3849 1443 3887 annnm
1464 3836 1547 3887 1180:

370 3899 518 3971 Imperator
535 3901 563 3954 iu
582 3905 676 3954 octava
693 3901 833 3972 cpIphenie
878 3901 1003 3972 erbipolis
1021 3902 1121 3956 cunam
1140 3903 1290 3969 celebravit,
1319 3903 1451 3972 adquam
1470 3903 1551 3955 Hein-

371 3972 440 4026 ricus
465 3972 517 4025 thu
544 3973 625 4024 tercio
650 3977 757 4025 vocatus
782 3973 870 4026 venire
893 3973 1006 4026 rennuit.
1044 3972 1218 4037 Quamobrem
1236 3989 1266 4026 ex
1286 3975 1417 4026 sententia
1436 3973 1550 4026 omnium

371 4043 517 4112 principum
542 4058 601 4096 reus
624 4043 773 4096 maiestatis
792 4043 951 4112 dampnatus
970 4046 1011 4096 est
1029 4044 1164 4113 omnisque
1182 4044 1206 4097 ei
1225 4043 1386 4097 hereditarie
1404 4044 1550 4114 proprietas

370 4117 399 4166 et
415 4113 582 4166 beneficiaria
600 4114 728 4183 possessio
747 4113 900 4166 abiudicata
918 4117 966 4168 eet.
996 4112 1098 4167 Horum
1116 4131 1175 4167 vcro
1194 4115 1321 4168 maloram
1335 4131 1414 4168 carisa
1426 4114 1478 4168 fuit
1491 4114 1550 4168 duci

370 4184 493 4252 superbia
509 4183 600 4306 ipsius.
638 4183 725 4252 (Wird
744 4183 786 4237 die
798 4183 1000 4254 Verweigerung
1012 4183 1058 4238 der
1070 4184 1302 4238 Reichshecrfahrt
1320 4185 1421 4238 erathlt
1438 4202 1464 4239 u.
1483 4184 1550 4237 uach

371 4254 525 4307 Partenlrirc
544 4271 576 4308 en
601 4255 720 4320 verlegt).
764 4253 839 4318 Quod
869 4255 968 4307 facturn
997 4255 1162 4324 imperatoris
1189 4256 1212 4308 ei
1235 4255 1323 4309 odium
1348 4255 1496 4325 acquisivit,
1523 4258 1552 4308 et

370 4327 460 4377 utmm
477 4325 547 4378 iuste
566 4341 600 4377 an
618 4325 724 4390 iniuste,
742 4324 824 4378 lector
841 4325 948 4378 iudicet.
982 4327 1073 4379 Pretor
1091 4325 1139 4378 hec
1157 4329 1245 4380 autem
1264 4326 1375 4380 inductu
1393 4326 1450 4379 eius
1463 4325 1549 4379 Sclsvi

389 4395 529 4448 revinciom
548 4394 662 4449 Titlerici
679 4395 838 4448 marchionis
859 4396 980 4462 ingressi,
999 4413 1030 4449 ns
1048 4413 1081 4449 uc
1098 4397 1183 4450 Lubin
1201 4397 1290 4450 omnia
1307 4399 1496 4451 vastaverunt.
1516 4438 1522 4450 .
1543 4437 1550 4450 .

370 4411 458 4519 llutos
477 4466 567 4535 itaque
585 4466 700 4518 vulneris
718 4466 806 4520 dolore
824 4467 940 4521 marchio
956 4414 1118 4534 stimuiatrre,
1132 4467 1232 4534 ducena,
1252 4472 1388 4537 tamquam
1400 4467 1446 4538 qui
1459 4470 1550 4520 centra
