3617 5284
351 552 415 614 248

350 722 479 786 aomitee
501 721 540 785 de
561 721 751 786 Blanderato
773 740 846 786 anm
866 721 952 787 omni
974 726 1058 786 terra
1079 740 1151 800 sua,
1177 740 1272 805 qnam
1294 724 1417 797 tenent,
1445 741 1530 787 mar-

351 807 476 872 chiones
497 807 536 872 de
558 806 656 873 Vasta
678 827 751 872 aum
772 808 858 873 omni
879 812 964 872 terra
986 826 1052 885 sne,
1081 827 1176 891 qnam
1197 810 1313 886 tenent,
1336 808 1530 874 marohiones

350 892 388 957 de
403 892 507 958 Busao
522 913 594 958 aum
609 893 692 957 omni
708 899 799 970 terra,
821 913 917 977 quam
931 896 1048 970 tenent
1070 894 1227 958 oomites⁸l
1242 895 1280 958 de
1296 894 1434 959 Lomello
1457 913 1529 958 eum

350 979 436 1043 omni
462 982 547 1043 terra
575 998 646 1056 ans,
677 998 774 1062 quam
800 982 924 1057 tenent,
958 983 989 1044 et
1011 981 1114 1044 cetera
1141 980 1209 1044 looa
1234 979 1394 1044 nominata
1422 985 1453 1044 et
1483 981 1532 1044 in-

349 1065 511 1129 nominata
531 1067 564 1129 et
585 1070 703 1130 aetenae
724 1084 872 1148 personas
886 1065 1062 1130 nominatas
1085 1067 1117 1130 et
1131 1065 1350 1142 innominatas,
1372 1085 1432 1148 que
1455 1068 1530 1130 sunt

348 1150 380 1213 in
402 1154 490 1234 parte
510 1151 722 1234 imperatoris3
745 1153 777 1216 et
798 1151 980 1217 societatem
1001 1150 1259 1228 bombardorum,
1289 1151 1406 1216 soilioet
1426 1150 1529 1215 Vene-

348 1235 435 1313 tiam,
456 1236 639 1314 Tarvisium,
661 1236 811 1314 Paduam,
833 1236 1041 1314 Vincentiam,
1063 1236 1227 1314 Veronam,
1250 1237 1397 1314 Brixiam,
1419 1237 1530 1301 Ferra-

348 1323 441 1397 n'am,
477 1322 657 1399 Mantuam,
694 1323 897 1405 Bergamum,
935 1321 1094 1400 Laudum,
1137 1321 1365 1400 Mediolanum,
1403 1320 1527 1400 Cumas,

349 1407 533 1484 Novariam,
569 1407 742 1486 Veraellas‚
777 1408 1013 1480 Alexandriam,
1049 1407 1218 1473 Cassinum
1254 1410 1286 1473 et
1321 1408 1528 1486 Belmantem,

348 1493 557 1570 Plaaentiam,
579 1493 728 1570 Bobium,
751 1492 921 1578 Opizonem
942 1494 1158 1577 Malaspinam,
1183 1493 1340 1571 Parmam,
1361 1494 1527 1576 Rhegium,

349 1579 515 1656 Mutinam,
536 1579 719 1657 Bononiam,
740 1580 882 1644 homines
911 1580 949 1644 de
972 1583 1079 1645 sanato
1103 1579 1251 1644 Cassiano
1274 1584 1306 1644 et
1326 1579 1474 1644 Doeaiam
1495 1584 1528 1645 et

348 1668 452 1729 setara
472 1665 540 1730 looa
562 1667 594 1730 et
614 1684 762 1749 personas
783 1665 1005 1750 episcoporum,
1028 1665 1210 1730 oleriaorum
1225 1667 1257 1730 et
1271 1665 1420 1730 laieorum
1435 1665 1528 1730 Lom-

347 1750 470 1827 bardie,
497 1751 650 1829 Marahie,
678 1751 885 1832 Romegnole,
914 1771 973 1835 que
1003 1751 1136 1816 suntin
1164 1751 1312 1816 societate
1334 1751 1527 1828 Lombardie‚

349 1855 421 1900 eum
436 1837 589 1915 omnibus,
611 1855 671 1921 que
685 1837 803 1901 babent
825 1842 857 1901 et
871 1840 987 1915 tenent,
1010 1840 1144 1918 trengua
1158 1836 1329 1902 eonstituta
1343 1841 1392 1901 est
1407 1837 1445 1901 ab
1459 1837 1528 1901 istis

348 1922 500 1987 Kalendis
522 1923 657 2005 Augusti
679 1941 777 2005 usqne
800 1923 840 1987 od
861 1941 916 1988 sen
938 1942 1043 2000 annos,
1066 1941 1127 2004 que
1150 1923 1194 1988 sio
1214 1922 1398 1987 firmabitur.

433 2008 587 2074 Dominus
609 2011 777 2092 imperator
797 2008 890 2073 faeiat
911 2009 1007 2073 iurari
1027 2009 1061 2072 in
1083 2009 1266 2073 animaene
1289 2011 1321 2072 et
1340 2007 1425 2072 filins
1448 2028 1524 2073 suus

348 2093 502 2159 Henriaus
523 2113 577 2159 rer
605 2094 756 2171 similiter,
779 2097 811 2159 et
832 2095 986 2178 prinsipes
1007 2095 1169 2158 Alamanie
1190 2094 1354 2171 iurabant,
1383 2094 1436 2177 qui
1458 2113 1528 2177 pre-

350 2183 454 2246 sentes
469 2184 551 2258 sunt,
575 2183 607 2245 et
622 2180 935 2263 Guarsoendonins*)
958 2185 990 2245 et
1015 2180 1152 2244 marohia
1171 2178 1395 2244 Montisfemati
1418 2181 1450 2243 et
1470 2180 1526 2244 filii

349 2266 399 2330 sui
421 2271 452 2330 et
473 2267 668 2332 marchiones
690 2267 729 2332 de
750 2264 847 2330 Vasta
877 2269 910 2330 et
932 2266 969 2330 de
991 2265 1109 2341 Busae,
1137 2265 1266 2329 aonrites
1295 2265 1333 2329 de
1355 2265 1526 2330 Blandrato

349 2353 381 2414 et
408 2352 447 2416 de
467 2353 606 2417 lomello
634 2355 667 2417 et
691 2353 834 2417 eonsules
856 2351 1007 2416 Cremona
1036 2353 1068 2415 et
1088 2351 1256 2434 Papienses
1288 2353 1320 2414 et
1341 2351 1496 2416 credentia
1505 2354 1526 2405 a,

349 2436 502 2521 ipsorum,
535 2441 567 2502 et
599 2457 681 2502 nnus
713 2439 746 2502 in
766 2438 894 2522 publiea
925 2437 1069 2502 aanoione
1100 2436 1132 2499 in
1162 2436 1326 2500 animabus
1355 2437 1461 2520 papuli
1490 2455 1527 2501 er

348 2524 496 2590 mandata
523 2525 622 2609 ipsius
646 2524 763 2610 populi.
805 2523 894 2588 Idem
923 2522 979 2588 fiet
1006 2523 1039 2586 in
1060 2521 1128 2586 aliis
1150 2521 1341 2600 multatibus,
1370 2524 1528 2603 quaeunt

348 2631 384 2677 ex
406 2615 494 2696 parte
516 2611 632 2677 domini
652 2609 856 2694 imperatoris,
885 2609 968 2691 quod
991 2607 1108 2674 scilieet
1128 2608 1210 2671 bona
1230 2606 1298 2684 fide,
1330 2607 1396 2671 sine
1417 2607 1527 2672 fraude

349 2704 380 2762 et
400 2699 483 2764 malo
503 2697 627 2780 iugenio
655 2697 828 2780 prediatam
855 2701 1022 2778 treuguam
1050 2693 1258 2758 observabunt
1284 2691 1431 2776 predialis
1453 2693 1527 2758 aivi-

347 2784 466 2848 tatibns
494 2786 527 2848 et
554 2783 629 2848 loeis
658 2784 691 2847 et
713 2781 851 2866 personis
872 2780 1041 2846 nominatis
1063 2780 1095 2843 et
1115 2796 1178 2841 non
1199 2777 1367 2842 nominatis
1388 2779 1525 2862 prediate

347 2869 511 2946 soeietatis,
533 2869 579 2933 ita
600 2868 681 2951 quod
703 2887 802 2951 nsque
825 2866 864 2931 ad
885 2885 940 2931 sex
961 2884 1059 2931 annos
1080 2883 1142 2929 non
1164 2861 1321 2928 offendent
1342 2881 1394 2928 eos
1416 2882 1472 2948 per
1492 2883 1526 2928 se

347 2956 397 3020 vel
417 2973 475 3038 per
495 2955 572 3019 alios
593 2953 626 3018 in
648 2953 789 3037 personis
811 2952 861 3017 vel
874 2952 977 3028 rebus,
1000 2969 1078 3034 ques
1099 2949 1216 3013 habent
1237 2948 1287 3013 vel
1309 2950 1431 3025 tenent;
1454 2968 1526 3014 aon-

347 3040 497 3105 tinebitnr
526 3040 622 3104 etiam
642 3039 674 3103 in
697 3039 888 3114 iuramento,
918 3037 1000 3121 quod
1022 3034 1163 3102 homines
1185 3033 1341 3098 societatis
1364 3040 1525 3100 eteorum

347 3145 397 3191 res
420 3126 521 3190 seanri
551 3125 615 3190 sint
646 3125 679 3188 in
707 3127 791 3188 terra
811 3123 1022 3207 imperatoris,
1050 3122 1132 3186 siam
1153 3121 1292 3203 tempore
1314 3121 1408 3204 paeis.
1445 3122 1525 3186 Ete

347 3230 493 3277 converso
505 3209 784 3276 Cremonensibus>
793 3227 916 3291 qnoque
927 3210 959 3274 et
969 3205 1199 3292 Papienaibnse
1209 3209 1242 3269 et
1256 3205 1325 3269 aliis
1338 3207 1523 3284 civitatibus,

346 3297 421 3362 loeis
444 3298 476 3361 et
496 3297 636 3380 personis
657 3295 696 3360 de
717 3297 807 3380 parte
827 3294 1023 3378 imperatoris
1045 3293 1153 3358 eadem
1175 3290 1229 3356 fiet
1259 3295 1290 3355 et
1312 3293 1526 3358 observabitur

346 3382 496 3448 seouritas
519 3401 538 3447 a
559 3381 705 3446 societate
716 3380 909 3446 Lombardie.
953 3379 1061 3446 Seouri
1077 3378 1212 3444 autema
1235 3362 1271 3440 ut
1285 3377 1424 3463 tempore
1439 3379 1524 3461 paois

348 3506 556 3514 ——a

346 3555 394 3610 der
410 3573 460 3610 van
477 3555 558 3608 ihnen
575 3553 773 3609 besehwarenen
783 3554 912 3622 Vertrbge
930 3551 1074 3607 vorbrieien
1093 3551 1178 3619 (Basa,
1197 3552 1261 3606 Vite
1278 3551 1353 3606 Alex.
1372 3547 1522 3604 Watteriah

348 3643 371 3682 a
382 3643 405 3682 a
416 3625 447 3681 0.
457 3625 494 3691 II,
507 3627 585 3692 444);
602 3625 661 3679 hier
672 3625 793 3679 heiastes
804 3639 854 3677 van
863 3623 911 3678 der
919 3621 1037 3691 Treuga:
1061 3622 1148 3692 „quod
1161 3623 1262 3676 seilieet
1273 3621 1401 3692 seriptum
1412 3619 1524 3690 propriis

347 3695 583 3767 subscriptionibus
606 3695 722 3766 ipsarum
745 3694 921 3748 mediatatum
945 3692 1089 3747 hincinde
1116 3691 1299 3746 confirmatum
1321 3695 1364 3746 eat
1381 3694 1410 3744 et
1427 3690 1524 3758 sigillis

346 3767 357 3821 i
404 3783 462 3822 rum
489 3767 708 3821 oormboratnm“.
762 3765 814 3819 Die
845 3763 973 3818 Urlmnde
1008 3763 1045 3816 ist
1080 3778 1129 3816 ron
1165 3762 1295 3816 Muratari
1331 3761 1524 3831 (Antiquitates

360 3837 442 3891 taliae
453 3837 499 3902 IV,
512 3837 575 3906 283)
587 3836 642 3890 und
654 3835 793 3890 Mitterelll
811 3835 991 3901 (Aeaessiones
1009 3833 1043 3886 ad
1056 3831 1101 3886 SS.
1114 3831 1212 3886 Mutat.
1224 3831 1384 3886 Ferentinae
1403 3847 1446 3901 pg.
1459 3831 1523 3900 604)

347 3924 395 3961 aus
413 3908 473 3962 dem
490 3905 588 3962 Archiv
605 3924 629 3961 v.
642 3906 761 3975 Bologna
778 3905 873 3976 (Iib.I
891 3904 934 3958 dei
952 3903 1070 3973 Registri
1089 3901 1180 3957 Grosai
1199 3902 1259 3957 dell’
1269 3901 1393 3956 Arohiuo
1411 3900 1523 3955 natatile

347 3977 375 4032 di
392 3977 521 4048 Balogna)
539 3977 680 4048 publiaiert
697 3976 752 4030 und
769 3975 885 4030 darnaeh
903 3992 954 4030 ron
972 3975 1049 4028 Perta
1070 3974 1098 4027 in
1117 3973 1159 4027 die
1176 3973 1348 4027 Monumenta
1367 3969 1523 4026 Germaniae

346 4049 544 4118 enigenommen
562 4046 673 4103 worden.
710 4047 814 4100 anetat
826 4046 877 4100 hot
893 4043 1061 4113 malignati,
1080 4043 1168 4098 Starr'a
1187 4043 1214 4097 di
1231 4043 1357 4097 lomatioa
1374 4041 1445 4095 della
1462 4041 1523 4110 lega

346 4119 494 4174 lombarda
510 4135 571 4188 pag.
589 4121 730 4172 elo-313
747 4116 840 4171 odiert
854 4147 878 4156 -
897 4115 956 4170 Wie
974 4131 1022 4170 aus
1034 4113 1137 4169 Artilrel
1150 4117 1183 4169 27
1221 4129 1249 4168 es
1266 4114 1378 4168 Paetum
1389 4111 1522 4166 Venatum

346 4190 425 4244 herro
470 4188 511 4250 ht,
529 4189 567 4242 ist
585 4187 628 4242 die
645 4187 749 4256 Treuga
765 4203 812 4240 vor
829 4186 888 4240 dem
906 4187 1018 4241 Paetum
1037 4185 1179 4254 abgefesst

487 4259 597 4313 Bisehol
625 4256 799 4313 Garsidanius
825 4274 876 4311 van
901 4257 1021 4312 Mentora
1056 4255 1117 4324 Vgl.
1145 4254 1249 4309 Artikel
1279 4258 1311 4309 18
1339 4253 1386 4308 des
1411 4253 1523 4308 Peebrm

345 4330 491 4384 Venatum!

434 4403 460 4468 a)
478 4399 603 4470 Vignati:
621 4399 751 4454 oomitem.
785 4397 815 4466 b)
833 4397 910 4453 Rata.
946 4398 971 4466 a)
988 4395 1099 4466 Vignati
1117 4395 1311 4452 Cremonenses.
1348 4395 1376 4466 d)
1394 4393 1522 4463 Vigoati:

345 4471 496 4542 Papiensee.
531 4470 556 4540 e)
574 4469 623 4524 Ieh
639 4472 770 4525 rermnte:
788 4468 971 4524 Securitatem.
