3617 5284
375 468 417 530 28

374 638 456 718 regis
479 657 533 720 pro
556 639 630 714 Deo,
652 638 749 718 regali
770 655 841 701 vere
864 635 966 718 gladie
995 636 1044 699 ad.
1063 636 1256 718 expellendos
1278 635 1417 700 inimicos
1440 633 1555 699 Christi

375 724 521 799 exterius,
551 727 583 788 et
612 723 649 787 ad
672 723 877 788 obedientiam
900 721 1061 786 sacerdotii
1082 722 1221 797 interius,
1251 740 1376 784 omnem
1398 721 1555 784 homiuem

374 809 486 872 docens
509 809 572 874 tore
588 808 869 890 constringendum,
892 812 929 871 ut
942 809 986 870 ita
1008 807 1046 870 de
1068 809 1127 872 alio
1148 807 1181 870 in
1204 807 1300 871 alium
1319 807 1469 870 charitate
1487 810 1555 870 ten·

374 894 506 970 deretur,
529 895 605 959 dum
626 915 683 958 nec
706 894 866 958 sacerdotii
883 913 1023 974 regnum,
1045 913 1102 956 nee
1117 892 1322 956 sacerdotium
1337 892 1424 973 regni
1440 893 1554 956 honore

283 1027 288 1054 ,
373 981 554 1062 privaretur.
587 981 676 1044 Hanc
698 980 754 1042 Dei
778 978 1001 1044 ordinationem
1024 979 1157 1060 qualiter
1175 978 1414 1042 Hildebrandiea
1434 978 1555 1042 insania

374 1065 553 1142 confuderit,
576 1070 612 1130 tu
628 1067 691 1148 ipse
706 1065 796 1141 nosti,
819 1066 845 1128 si
860 1065 938 1129 seire
952 1064 1064 1128 novisti
1086 1065 1134 1128 vel
1157 1064 1289 1129 voluisti.
1321 1064 1403 1127 Nam
1432 1065 1554 1127 nullum

375 1153 440 1215 eius
463 1153 574 1216 iudicio
597 1153 669 1215 licet
690 1170 756 1215 esse
780 1150 978 1225 sacerdotem,
1000 1149 1060 1213 nisi
1083 1151 1137 1232 qui
1158 1151 1217 1214 hoc
1238 1169 1257 1213 a
1278 1149 1362 1213 fastu
1379 1169 1435 1214 suo
1450 1169 1555 1213 emen-

374 1237 527 1301 dicaverit.
558 1238 609 1301 Me
625 1257 756 1318 queque,
779 1255 872 1318 quern
887 1237 974 1300 Deus
988 1236 1020 1298 in
1035 1255 1175 1318 regnum,
1198 1255 1259 1300 nen
1275 1239 1381 1299 autem
1397 1236 1436 1299 ad
1454 1255 1556 1299 saeer-

374 1323 493 1386 dotium
515 1323 604 1386 illurn
627 1323 752 1397 vocavit,
775 1323 848 1404 quia
868 1341 920 1385 me
943 1321 980 1385 de
1003 1321 1085 1398 Dee,
1107 1342 1168 1386 nen
1191 1322 1228 1385 de
1250 1321 1302 1386 illo
1325 1339 1454 1402 regnare
1475 1321 1554 1384 velle

374 1409 465 1484 vidit,
497 1409 569 1490 quia
591 1409 656 1491 ipsc
678 1427 728 1471 me
751 1427 855 1489 regem
877 1427 939 1471 non
961 1407 1137 1484 constituit,
1165 1427 1260 1488 regne
1283 1406 1403 1489 privare
1425 1406 1554 1482 studuit,

374 1495 520 1558 minitans
553 1513 685 1574 regnum
707 1493 904 1576 animamque
926 1493 1003 1556 mihi
1025 1512 1059 1556 se
1081 1494 1204 1567 tollere,
1245 1511 1378 1574 quorum
1405 1495 1554 1555 neutrum

374 1581 531 1644 concessit
564 1579 650 1643 Haec
679 1583 710 1643 et
737 1580 774 1643 iis
802 1579 914 1643 similia
941 1599 1013 1642 cum
1041 1580 1164 1661 saepius
1192 1580 1223 1641 in
1252 1581 1403 1654 nostram,
1431 1582 1468 1641 ut
1489 1578 1555 1660 ipse

373 1667 470 1740 nesti,
499 1666 718 1730 contumeliam
748 1667 908 1741 struxerit,
936 1684 998 1728 nen
1027 1668 1132 1728 tamen
1155 1665 1256 1728 adhuc
1287 1663 1427 1726 sufficere
1449 1662 1554 1738 credit,

374 1751 448 1832 quin
465 1751 502 1814 de
518 1751 566 1815 die
582 1752 612 1814 in
629 1750 711 1815 diem
725 1770 804 1814 nova
827 1755 858 1814 et
881 1751 1034 1831 exquesita
1055 1750 1241 1815 confusionis
1264 1769 1377 1831 genera
1398 1750 1487 1812 nohis
1507 1750 1555 1812 in·

374 1841 469 1917 gerat,
491 1840 528 1900 ut
549 1837 581 1900 in
604 1837 718 1900 nostris
741 1837 858 1900 nuntiis
873 1837 993 1900 noviter
1008 1840 1228 1916 argumentum
1244 1835 1336 1899 dedit.
1369 1835 1452 1898 Nam
1467 1837 1555 1898 karta

374 1941 523 2005 exponere
544 1942 606 1986 non
630 1921 751 1996 sufficit,
774 1923 908 2003 qualiter
930 1921 1053 1986 eosdem
1075 1922 1205 1985 nuncios
1226 1926 1348 1985 nostres
1367 1922 1554 1996 tractaverit

374 2027 468 2089 qrrarn
490 2007 625 2089 indignis
646 2007 745 2071 medis
768 2007 911 2084 effecerit,
934 2026 1029 2088 quam
1051 2008 1216 2072 crudeliter
1237 2027 1289 2072 eos
1310 2007 1554 2082 incarceraverit,

374 2099 405 2157 et
427 2096 599 2157 carceratos
621 2092 774 2169 nuditate,
804 2093 931 2174 frigore,
959 2092 1041 2156 fame
1064 2098 1095 2158 et
1117 2094 1169 2157 siti
1191 2113 1227 2157 ac
1247 2093 1346 2176 plagis
1369 2093 1554 2167 contriverit,
1657 2096 1666 2104 ’

374 2179 478 2260 sieque
508 2180 634 2243 demum
657 2182 831 2261 martyrum
855 2178 993 2261 exemplo
1021 2196 1076 2261 per
1102 2179 1241 2242 medium
1269 2179 1402 2242 civitatis
1424 2179 1555 2242 circum·

375 2265 483 2329 ductos
507 2265 649 2328 omnibus
673 2266 883 2347 spectaculum
906 2265 1053 2347 praehere
1074 2265 1214 2339 iusserit,
1242 2265 1288 2328 ita
1309 2268 1346 2327 ut
1366 2265 1397 2327 in
1421 2264 1553 2327 eumdem

373 2370 445 2414 oum
469 2351 561 2414 Dedo
584 2355 717 2432 tyranno
746 2350 895 2426 insanire,
923 2354 955 2414 et
984 2353 1106 2414 sanctes
1135 2369 1238 2414 assare
1264 2350 1371 2414 credas
1401 2352 1433 2413 et
1462 2349 1553 2413 dicas.

373 2436 464 2500 Unde
487 2456 525 2500 ne
548 2437 663 2518 pigeat,
686 2436 860 2511 karissime,
894 2455 933 2499 ne
955 2436 1060 2518 pigeat
1081 2437 1236 2500 communi
1258 2439 1416 2512 nostrum,
1438 2435 1555 2499 scilicet

373 2540 460 2585 meae
476 2525 508 2586 et
523 2521 730 2604 coepiscorum
745 2525 871 2585 tucrum
886 2522 1027 2604 petitioni
1042 2523 1227 2597 satisfacere,
1250 2525 1286 2585 ut
1306 2521 1338 2584 in
1353 2523 1552 2604 pentecosten

373 2607 576 2672 Wormatianr
600 2608 712 2684 venias,
736 2611 768 2670 et
788 2608 832 2670 ibi
849 2608 946 2690 plura,
970 2627 1102 2688 quorum
1117 2627 1216 2690 pauca
1231 2607 1319 2671 docet
1334 2609 1460 2681 cartula
1482 2626 1553 2669 eum

373 2693 483 2757 ceteris
506 2693 613 2757 audias
635 2693 831 2776 principibus,
861 2697 892 2757 et
914 2693 990 2774 quid
1011 2694 1167 2774 agendum
1189 2693 1244 2766 sit,
1267 2693 1396 2757 doceas:
1425 2695 1553 2773 rogatus

372 2779 644 2861 perdilectionem
667 2779 928 2862 coepiscoporum,
959 2779 1095 2842 monitus
1122 2798 1177 2861 per
1210 2778 1355 2842 ecclesiae
1377 2779 1553 2854 utilitatem,

374 2865 526 2946 ohhgetus
548 2884 603 2948 per
624 2864 704 2928 vitae
727 2867 850 2929 nestrae
874 2865 1013 2946 stregai
1035 2865 1131 2929 tetius
1153 2865 1311 2929 honorem.

865 3057 1074 3065 —————

374 3171 420 3256 ll.
439 3171 878 3277 ltcehtievtigvvgssehroihcv
898 3175 1034 3278 tregam
1049 3173 1108 3260 lll.
1129 3196 1168 3258 an
1195 3172 1245 3258 dic
1267 3123 1452 3269 teutschen,
1475 3172 1553 3259 itit

806 3291 905 3397 tlpril
929 3292 1007 3378 olor
1031 3292 1117 3392 hail.

525 3435 617 3502 [tlrog.
636 3435 695 3487 vll.
717 3436 843 3506 epistolae
861 3434 985 3489 collectae
1003 3437 1051 3490 Nr.
1073 3441 1119 3497 14;
1137 3435 1206 3489 Jnffs
1224 3436 1260 3501 ΙΙ,
1281 3435 1407 3503 itlhtl.*)]

460 3563 628 3645 Gregorius
658 3565 819 3647 episeopus
848 3585 955 3629 servus
977 3585 1137 3630 servorum
1158 3565 1216 3628 Dei
1238 3564 1381 3628 omnihus
1404 3563 1552 3646 episeopis

373 3650 502 3714 ducibus
536 3649 698 3714 conatibus
727 3651 918 3732 caeterisque
950 3651 1100 3728 fidelihus,
1133 3651 1165 3713 in
1199 3669 1293 3732 regne
1315 3650 1551 3713 Teutonicomm

373 3735 571 3800 christianam
605 3735 696 3800 fidem
726 3736 970 3814 defendentihus,
1004 3737 1136 3801 salutem
1164 3739 1196 3800 et
1229 3735 1426 3819 apostolicam
1461 3736 1552 3799 hene-

372 3822 545 3886 dictionem.
990 3891 993 3895 ,

459 3907 650 3982 Audivimus,
678 3908 834 3988 ,quosdam
864 3908 1020 3972 intervos
1043 3908 1080 3971 de
1103 3907 1423 3981 excommunicatione,
1457 3926 1552 3988 quam

372 3995 404 4057 in
427 4013 533 4074 regem
554 3993 692 4070 lechnus,
715 3994 855 4058 dubitare
879 4013 914 4057 ac
936 4013 1096 4075 quaerere:
1120 3997 1227 4057 etnim
1249 3993 1330 4056 iuste
1345 3993 1553 4056 exeommuni-

372 4081 461 4144 catus
485 4080 525 4142 sit
547 4083 579 4144 et
600 4079 625 4142 si
648 4083 753 4143 nestra
775 4079 930 4144 sententia
952 4099 987 4142 ex
1003 4080 1185 4144 auctoritate
1207 4079 1315 4161 legalis
1337 4098 1485 4143 censurae
1508 4098 1552 4154 ea,

373 4185 436 4247 qua
461 4165 575 4241 debuit,
604 4165 821 4230 deliberatione
843 4184 1007 4249 progressa
1028 4165 1076 4229 sit
1120 4165 1321 4248 Quapropter,
1352 4164 1484 4246 qualiter
1512 4165 1552 4228 ad

463 4340 487 4406 *l
506 4340 561 4393 Der
578 4336 652 4392 Briel
668 4336 750 4390 lindet
768 4337 824 4389 sich
843 4336 870 4389 in
890 4335 1004 4404 Gregors
1021 4334 1145 4402 Regieter
1162 4335 1246 4401 nicht,
1264 4335 1302 4388 ist
1320 4335 1383 4388 aber
1400 4335 1552 4389 iiberliefert

372 4411 413 4464 bei
431 4410 498 4464 Paul
517 4428 540 4462 v.
559 4406 694 4474 Bamried,
716 4407 784 4460 heim
804 4405 947 4460 Annalista
964 4406 1040 4472 Saxo,
1064 4405 1106 4458 hei
1125 4405 1213 4460 Bnme
1232 4423 1257 4461 u.
1275 4405 1355 4474 Huge
1373 4423 1395 4459 v.
1414 4405 1550 4474 Flavigny.
