3617 5284
474 1399 509 1474 a)
534 1399 678 1467 nonnus
700 1398 732 1466 u.
756 1264 1000 1482 [abscidissem
1022 1398 1080 1466 28.
1103 1398 1163 1466 ilai
1188 1397 1276 1468 1037.

541 1539 704 1606 (Chuenradi
722 1539 757 1594 11.
776 1539 843 1610 Imp.
862 1539 986 1593 Edictum
1005 1537 1037 1592 de
1056 1537 1214 1605 Beneficiis.)

672 1640 743 1694 Meu.
765 1639 851 1694 Gemi.
871 1640 940 1710 legg.
959 1639 996 1707 11,
1014 1644 1049 1694 39
1059 1639 1077 1695 f.

376 1775 473 1858 [Wipn
484 1773 568 1858 Gesta
579 1773 729 1829 chuonradi
741 1773 823 1856 imp:
843 1791 865 1827 e.
876 1779 900 1827 6.
914 1773 1031 1856 Militum
1045 1789 1104 1828 vero
1117 1775 1218 1828 animoa
1236 1775 1264 1828 iu
1282 1774 1332 1856 hec
1349 1773 1465 1855 multum

285 1849 405 1932 attraxit,
425 1845 767 1982 ll¹⁰dtss¹i1i¹ffipb⁰⁰⁰fi⁰¹³
783 1847 922 1916 pareutum
932 1845 1030 1899 uemrui
1042 1849 1206 1915 posterorum
1218 1845 1314 1899 aufem
1327 1847 1464 1898 soauuurt

287 1916 358 1987 (GM
374 1917 552 2042 ielumolium
576 1955 667 2040 eodem
692 1989 808 2056 tempore
830 2003 928 2055 magna
950 1989 978 2040 st
996 1986 1127 2040 modernis
1149 1986 1311 2058 temporibus
1343 1986 1466 2040 inaudita

286 2058 401 2112 conlusio
419 2058 491 2112 faeta
508 2061 550 2112 eet
567 2057 675 2122 ltaliae,
698 2059 805 2127 propter
822 2057 1015 2112 coniurationes
1033 2073 1099 2128 ques
1123 2057 1222 2110 fecerat
1244 2059 1356 2128 populus
1373 2059 1465 2111 eontm

286 2129 425 2200 principes.
462 2127 669 2209 coniuraverunt
694 2127 762 2181 enim
786 2144 875 2210 empus
900 2128 1048 2182 valvasores
1070 2127 1165 2181 Italiac
1188 2131 1216 2180 et
1233 2127 1348 2196 grogorii
1366 2127 1465 2180 milites

286 2199 411 2282 adversm
427 2198 547 2281 dominos
566 2215 635 2264 sues,
653 2201 687 2280 et¹
699 2215 788 2252 omnes
806 2215 919 2281 minores
938 2201 1030 2280 eontra
1047 2198 1175 2264 maiores,
1194 2201 1294 2252 utnon
1311 2200 1465 2280 paterentur

286 2269 462 2406 autb
473 2269 615 2420 aldid
633 2269 935 2406 tfflmlloiulbd?
946 2269 1329 2411 aestumatum
1339 2285 1464 2393 idm:

282 2411 341 2465 Hoc
358 2428 417 2465 eum
435 2413 589 2464 nunciatum
614 2413 686 2464 esset
702 2410 863 2480 imperatori,
888 2412 972 2464 fertur
991 2410 1102 2466 dixisse:
1131 2409 1168 2477 ,Si
1186 2410 1267 2464 Italis
1286 2409 1363 2464 modo
1380 2410 1465 2463 esurit

284 2483 377 2550 legem,
396 2480 553 2536 concedente
571 2481 627 2534 Deo
645 2482 710 2535 bons
728 2480 832 2549 legibus
849 2481 919 2534 hauc
938 2481 1071 2550 uuabof]

369 2623 405 2686 In
427 2623 552 2687 nomine
575 2625 699 2687 sanetae
723 2627 755 2687 et
776 2623 953 2688 individuae
968 2623 1137 2687 Trinitatis.
1181 2621 1386 2688 chuonradus
1405 2622 1465 2685 Dei

285 2709 386 2791 gratia
412 2709 625 2773 Romanorum
651 2708 819 2794 imperator
849 2712 1011 2792 augustus,
1067 2709 1220 2774 Omnibus
1251 2711 1376 2772 sanctae
1405 2707 1464 2772 Dei

286 2795 430 2860 eeclesiae
447 2795 624 2876 nostrisque
639 2795 790 2868 fidelibus,
806 2795 1021 2880 praesentibus
1037 2795 1154 2860 scilieet
1170 2797 1202 2859 et
1216 2794 1339 2871 bituris,
1353 2798 1464 2857 notum

285 2881 531 2956 essevolumus,
559 2880 642 2962 quod
670 2901 728 2946 nos
758 2883 796 2946 ad
826 2880 1067 2946 reconciliandos
1097 2881 1216 2945 ammos
1246 2881 1404 2944 seniorum
1433 2883 1465 2942 et

285 2965 429 3042 militum,
444 2969 481 3030 ut
496 2966 535 3030 ad
550 2966 682 3031 invicem
697 2987 819 3052 semper
834 2967 1032 3033 inveniantur
1047 2966 1220 3042 concerdes,
1236 2970 1267 3030 et
1281 2968 1317 3030 ut
1332 2964 1465 3029 fideliter

285 3056 317 3116 et
345 3054 579 3134 perseveranter
607 3053 695 3118 nobis
724 3057 754 3118 et
782 3054 847 3117 suis
870 3053 1042 3118 senioribus
1064 3053 1201 3116 serviant
1229 3051 1346 3126 devote,
1376 3069 1465 3135 prac-

284 3138 415 3222 eipimus
444 3142 476 3202 et
497 3138 627 3202 tinnitor
650 3141 832 3216 statuimus
855 3142 891 3203 ut
912 3140 1019 3203 nullus
1040 3138 1130 3202 miles
1153 3137 1381 3221 episcoporum,
1412 3138 1464 3200 ab·

285 3224 402 3298 batum,
425 3224 662 3300 abbatissarum,
686 3229 742 3290 aut
762 3225 979 3289 marchionum
1000 3226 1049 3288 vel
1072 3225 1229 3299 comitum,
1252 3224 1301 3288 vel
1324 3223 1464 3287 emnium

286 3311 339 3392 qui
361 3309 544 3374 beneficium
566 3310 604 3374 de
625 3312 740 3376 nostris
763 3311 893 3409 publicis
916 3311 1004 3375 bonis
1027 3314 1083 3374 aut
1104 3311 1142 3374 de
1161 3309 1361 3374 aeclesiarum
1374 3327 1464 3393 prue-

286 3396 344 3460 diis
367 3415 450 3460 nunc
472 3399 558 3459 tenet
580 3399 635 3460 avit
656 3401 792 3462 tenuent
820 3398 869 3461 vel
898 3398 1049 3460 haetenus
1074 3397 1190 3460 iniuste
1218 3395 1368 3480 perdidit,
1396 3399 1463 3458 tam

287 3482 324 3546 de
354 3481 468 3546 nostris
501 3483 667 3547 maioribus
699 3483 951 3558 valvassoribus,
985 3501 1080 3564 quam
1109 3485 1141 3546 et
1169 3500 1276 3545 eorum
1304 3480 1463 3556 militibus,

287 3567 352 3632 sine
368 3571 452 3632 certa
467 3569 499 3631 et
513 3568 653 3632 convicta
667 3570 759 3653 culpa
773 3589 866 3632 suum
881 3568 1066 3632 beneficium
1080 3568 1197 3652 perdat,
1217 3566 1276 3630 nisi
1292 3566 1463 3630 seeundum

285 3653 559 3718 consttutionem)
572 3657 803 3720 antecessorum
811 3657 989 3718 nestrorum
999 3652 1317 3736 etiudieiumparium
1325 3671 1462 3716 suorum.

287 3739 320 3804 si
343 3739 497 3804 eontentio
519 3738 613 3804 buerit
634 3740 715 3806 iuter
736 3741 872 3805 seniores
888 3743 920 3804 et
934 3739 1058 3816 milites,
1081 3739 1223 3820 quamvis
1238 3757 1328 3820 pares
1344 3736 1463 3801 adiudi-

286 3825 423 3890 caverint
443 3825 533 3889 illum
555 3844 611 3891 sue
634 3827 780 3892 beneficio
803 3845 907 3891 carere
929 3826 1049 3901 debere,
1075 3825 1102 3888 si
1123 3825 1176 3888 ille
1198 3824 1309 3888 dixerit
1336 3825 1395 3887 bec
1416 3823 1463 3885 in·

284 3912 366 3976 iuste
388 3911 436 3975 vel
459 3910 527 3974 odie
550 3911 668 3976 iactum
691 3931 766 3988 esse,
795 3912 860 3996 ipse
883 3932 978 3976 suum
1004 3911 1189 3976 beneficium
1218 3913 1339 3985 teneat,
1366 3909 1464 3972 donee

286 3997 389 4062 senior
410 4000 442 4062 et
463 3995 515 4060 ille
538 4017 631 4080 quern
658 3999 776 4082 culpat,
804 4016 876 4062 eum
905 3998 1032 4081 paribus
1061 3995 1127 4062 suis
1154 3999 1226 4060 aute
1254 3994 1463 4079 praesentiam

257 4085 425 4148 ‚nestram
453 4083 592 4161 veniant,
629 4088 660 4149 et
688 4085 730 4148 ibi
758 4103 853 4148 causa
879 4083 960 4151 iuste
980 4083 1123 4147 ¹finiatur.
1175 4083 1208 4147 Si
1237 4085 1343 4144 autem
1372 4099 1462 4164 pares

286 4169 401 4254 culpati
430 4169 462 4232 iu
483 4167 595 4234 iudicio
619 4171 789 4235 senioribus
812 4169 1017 4246 defecerintbl,
1045 4169 1097 4232 illc
1127 4169 1180 4249 qui
1203 4168 1346 4251 culpatur
1368 4185 1462 4230 suum

371 4345 397 4410 a)
415 4358 444 4396 su
463 4301 510 4396 der
528 4342 623 4395 illecta
641 4339 735 4407 Codex,
754 4339 800 4394 der
818 4341 1017 4405 Crerueneuser3
1037 4338 1083 4391 der
1099 4338 1243 4404 leudoner,
1256 4335 1370 4402 Wiener,
1383 4335 1463 4389 Vere·

285 4429 367 4479 ueeer,
385 4413 541 4468 casinenser
559 4411 621 4480 (alla
639 4429 697 4464 veru
722 4415 761 4466 ll.
781 4410 865 4480 Ihd.):
890 4409 1113 4464 mansuetudinem.
1158 4409 1187 4477 b)
1205 4406 1302 4473 lead,
1331 4406 1462 4460 seniorum

287 4483 423 4537 defuerint.

1258 4549 1296 4610 1*
