3617 5284
1400 507 1447 570 65

350 675 422 762 llll.
448 675 484 778 bt
509 675 621 762 laiso
645 675 788 762 heinrich
813 675 858 762 ll.
885 699 925 762 nn
953 676 1004 762 lle
1029 676 1197 762 deutschen
1225 675 1369 775 lustu,

726 795 846 900 lngnst
871 795 993 887 trouu

273 921 464 988 (Gianebreoht,
491 919 648 978 Gesohiehte
667 924 713 978 der
734 923 877 978 deutschen
895 923 1050 990 Kaisernait,
1073 923 1124 988 111,
1146 923 1310 978 Dolomente
1327 921 1375 976 Nr.
1397 923 1449 992 13.)

355 1037 546 1121 H(einrions)
561 1037 621 1102 Dei
636 1039 737 1120 gnatia
751 1039 919 1123 imperator
934 1039 1147 1102 Romanorum
1163 1039 1316 1120 angustus
1332 1037 1449 1102 arehie-

270 1124 411 1208 pisoopis‚
428 1123 586 1208 episeopis,
609 1123 747 1200 dnoibns,
770 1123 934 1190 eomitibns
949 1123 1141 1205 eaeterisque
1156 1122 1244 1206 regni
1257 1123 1449 1208 principibus

270 1210 402 1292 gratim
425 1211 458 1273 et
481 1209 684 1288 dilectionem
711 1210 912 1292 dignantibus
934 1228 1003 1274 eam
1026 1209 1170 1293 reoipere.
1193 1246 1235 1255 -
1257 1209 1449 1291 Rogavimns

270 1295 369 1358 tilium
391 1301 534 1359 nostmm
568 1299 600 1359 et
632 1314 687 1360 uos
720 1299 752 1360 et
778 1297 916 1360 multum
948 1296 1066 1380 preoati
1100 1314 1218 1370 sumus,
1253 1297 1290 1358 nt
1322 1294 1450 1358 dimisso

271 1380 405 1446 eneroitu
429 1380 631 1459 ordinaretur,
654 1381 807 1464 quomodo
828 1399 992 1466 possemus
1013 1380 1139 1465 paoifioe
1162 1380 1332 1456 convenire,
1353 1384 1391 1444 nt
1412 1380 1450 1444 de

270 1467 384 1530 iniuria
405 1469 513 1531 nostra
536 1470 567 1531 et
587 1485 663 1551 paos
686 1467 897 1551 componenda
912 1466 952 1531 ad
973 1467 1122 1531 honorem
1136 1466 1224 1549 regni
1238 1471 1344 1550 posset
1358 1466 1450 1548 digne

271 1556 303 1616 et
325 1553 471 1617 deoeuter
492 1551 625 1616 diffiniri
680 1553 803 1618 Plaouit
823 1553 910 1618 uobis
931 1552 1123 1630 remandare,
1145 1552 1228 1616 nude
1249 1552 1337 1616 nobis
1359 1552 1450 1634 longe

271 1639 392 1720 gramm
413 1638 508 1722 priori
530 1639 628 1702 oritur
650 1640 850 1722 querimonia
884 1638 968 1720 qnod
991 1638 1120 1703 dimissu
1147 1637 1303 1702 obsidione
1326 1637 1451 1704 Colonie

271 1724 365 1788 vultis
393 1743 487 1808 super
512 1743 568 1788 nos
598 1728 630 1789 et
663 1744 756 1809 snper
787 1724 893 1790 fideles
926 1727 1049 1789 nostros
1081 1724 1140 1788 snb
1177 1724 1278 1807 speeie
1306 1723 1451 1805 colloquii

271 1829 343 1873 oum
366 1809 501 1874 enermtu
523 1810 635 1887 venire,
665 1810 746 1875 datis
774 1810 904 1875 indutiis
932 1811 1000 1874 ooto
1023 1809 1151 1884 dierum,
1181 1827 1261 1890 quae
1288 1827 1452 1890 nunqnam

273 1895 363 1960 datae
386 1897 461 1959 sunt
483 1895 600 1960 homini
632 1896 762 1961 alienius
784 1895 979 1973 eondioionis,
1000 1899 1038 1959 ut
1060 1896 1137 1960 bene
1160 1894 1254 1972 soitis,
1282 1914 1383 1976 nsque
1411 1894 1451 1958 ad

271 1981 351 2045 bano
373 1981 456 2044 diem
468 2000 524 2065 pro
540 1982 681 2064 legitima
696 1981 878 2047 diffinitione
893 1981 1025 2046 alieuius
1039 1981 1166 2046 minoris
1186 1980 1311 2063 negotii,
1334 1979 1450 2044 nedum

271 2087 326 2150 pro
348 2069 437 2131 tanta
459 2085 502 2143 re,
530 2068 702 2132 seeundum
725 2069 862 2132 dunum
883 2067 985 2149 legem
1007 2067 1057 2130 nel
1085 2066 1257 2131 humanam
1277 2067 1327 2130 rel
1356 2066 1452 2130 etiam

272 2152 442 2217 sennodum
463 2171 558 2216 usum
580 2153 749 2218 hominnm.
795 2153 960 2238 Oporteret
982 2152 1065 2217 enim
1085 2171 1143 2216 nos
1165 2151 1288 2229 habere,
1317 2151 1344 2216 si
1366 2151 1452 2216 vobis

273 2239 416 2322 plaeeret,
439 2239 552 2302 saltem
573 2240 652 2304 tales
675 2239 820 2316 indutias,
842 2238 924 2302 infra
945 2257 1023 2320 quas
1046 2257 1209 2321 possemus
1231 2256 1398 2301 oonuooare
1421 2241 1453 2301 et

272 2325 415 2408 preeibns
437 2323 569 2389 innitere
602 2324 642 2389 ad
669 2325 750 2390 hano
783 2325 914 2389 eandem
944 2342 1080 2400 oensem,
1113 2326 1150 2387 nt
1171 2322 1236 2388 sint
1256 2323 1452 2398 nobisenm‚·)

273 2410 491 2492 Mogontindm
519 2413 551 2474 et
572 2411 793 2476 lheverensem
821 2415 853 2474 et
873 2411 1077 2474 Bremensem
1100 2408 1354 2493 mohiepisoopos,
1387 2408 1453 2472 Fri·

274 2496 451 2578 singensem
483 2498 515 2559 et
548 2499 787 2578 Augustensem,
824 2495 1009 2571 curensem,
1045 2495 1253 2560 Busiliensem
1286 2494 1453 2592 episcopos,

181 2657 185 2665 Ι
273 2581 385 2646 dnoem
406 2581 558 2662 Magnum
586 2602 658 2647 enm
688 2583 765 2647 dnos
794 2580 981 2647 Theoderioo
1011 2582 1043 2645 et
1075 2580 1188 2645 dnoem
1210 2579 1392 2645 Boemnoum
1421 2583 1454 2644 et

273 2667 417 2732 comitem
440 2666 663 2733 Flandrensem
685 2688 756 2732 ouum
786 2669 897 2733 eomite
919 2665 1101 2748 Burgnmdie
1123 2665 1279 2730 Willelmo
1309 2668 1341 2730 et
1368 2665 1453 2742 ulios,

273 2753 327 2836 qui
350 2753 390 2816 ad
412 2751 569 2835 prelatum
590 2755 759 2836 negotium,
788 2757 825 2818 ut
845 2755 924 2818 bene
945 2750 1042 2828 soitis,
1072 2752 1161 2816 valde
1184 2753 1258 2816 sunt
1279 2750 1455 2816 necessarii.

273 2837 475 2922 Quapropter,
498 2838 580 2903 siout
600 2839 687 2923 prins
709 2840 896 2922 rogavimus,
924 2839 970 2902 ita
992 2841 1023 2902 et
1044 2857 1129 2902 nuno
1153 2837 1269 2902 iterum
1290 2855 1455 2920 preoamnr

271 2928 302 2989 et
324 2924 433 2989 obnixe
466 2943 621 3005 rogamus,
656 2926 803 3007 quatinus
832 2945 887 3009 pro
914 2925 981 2989 Deo
1013 2926 1045 2987 et
1072 2923 1177 2987 anima
1204 2926 1309 2987 uestra
1337 2924 1369 2986 et
1399 2941 1454 3006 pro

273 3009 480 3094 appellatione
503 3007 618 3076 domim
641 3011 774 3076 Romani
796 3010 948 3095 pontifiois
970 3008 1130 3074 Pasohnlis
1153 3011 1185 3073 et
1203 3009 1363 3074 Romanum
1386 3027 1454 3072 neo

273 3095 382 3161 olesiae
406 3097 437 3158 et
457 3113 513 3178 pro
536 3096 651 3162 honore
678 3097 766 3178 regni
794 3096 964 3180 dignemini
987 3095 1069 3178 apud
1095 3094 1196 3157 lilium
1223 3098 1366 3158 nostrum
1388 3093 1453 3157 effi-

274 3201 350 3258 oere,
379 3183 417 3245 ut
439 3179 566 3246 dimisso
589 3183 725 3247 ensroitn
754 3185 855 3247 oesset
875 3200 933 3247 nos
955 3180 1100 3264 persequi
1123 3181 1155 3244 et
1176 3180 1343 3256 ordinetur,
1378 3198 1454 3260 quo-

273 3266 363 3332 modo
397 3285 505 3330 seoure
539 3271 570 3332 et·
602 3268 718 3350 absque
752 3267 835 3332 omni
869 3266 1073 3349 ambiguitate
1104 3266 1261 3349 possimus
1294 3283 1348 3330 nos
1381 3284 1453 3329 oum

273 3353 402 3418 caeteris
426 3371 522 3434 snpra
543 3353 633 3418 dietis
649 3353 688 3418 ad
711 3353 866 3435 agendum
885 3353 923 3418 de
945 3355 1053 3417 nostra
1074 3351 1187 3416 iniuria
1209 3354 1241 3414 et
1263 3350 1300 3414 de
1323 3369 1398 3435 paee
1420 3350 1453 3414 in

272 3457 367 3520 regno
390 3439 602 3521 oomponenda
635 3441 740 3520 quiete
773 3442 805 3503 et
833 3439 959 3522 paoifioe
981 3436 1152 3503 eonvenite
1210 3435 1329 3516 Quodsi
1350 3437 1452 3500 nnlla-

360 3612 385 3750 ἒξ
405 3607 1366 3746 hedhhhlmltlllhdhlhnffthffill’hhllhf'billuhseu
1384 3676 1452 3730 „en

271 3752 379 3806 lneueh
404 3751 540 3815 bruchton,
567 3750 676 3804 hehrten
700 3750 752 3803 ruit
769 3751 853 3804 einem
870 3765 954 3803 neuen
973 3748 1114 3801 Sohreiben
1132 3747 1273 3801 Heinriobs
1291 3747 1328 3799 lv
1348 3747 1453 3813 rnrlioh,

271 3823 351 3877 werin
370 3838 399 3876 er
418 3821 542 3890 sofortige
554 3820 699 3889 Aufldsnng
718 3820 764 3874 des
782 3820 941 3874 leindlioheu
952 3819 1051 3872 Heeres
1070 3818 1205 3886 nerlangte
1224 3835 1249 3870 n.
1262 3834 1320 3870 num
1334 3817 1453 3870 nweiten-

270 3895 338 3948 male
357 3911 392 3946 an
414 3892 464 3945 den
483 3891 566 3962 Papst
584 3891 744 3961 appellierte.
782 3889 963 3954 (Giesebreoht
980 3889 1030 3955 III,
1050 3893 1120 3948 758.)
1156 3887 1227 3941 Kurz
1253 3887 1350 3940 darauf
1371 3887 1453 3940 braoh

272 3964 399 4018 Heinrich
418 3963 450 4017 V.
470 3961 512 4016 die
529 3961 695 4030 Belagernng
713 3978 763 4015 von
781 3961 850 4014 Kbln
869 3961 901 4014 ab
921 3960 975 4013 nnd
993 3960 1085 4012 rdohte
1103 3959 1171 4012 uaoh
1189 3956 1297 4012 Aaohen
1315 3973 1373 4017 vor:
1403 3975 1452 4010 von

271 4035 328 4089 hier
339 4034 453 4088 riehtote
465 4049 494 4086 er
506 4049 539 4086 an
552 4031 601 4086 den
614 4031 696 4085 Vater
708 4033 749 4085 ein
762 4031 931 4097 Ultimatnm,
950 4029 1081 4084 eutweder
1092 4028 1149 4082 sioh
1163 4029 1276 4095 „binnan
1289 4027 1352 4081 aoht
1362 4027 1452 4096 Tagen

272 4105 300 4159 in
318 4104 426 4159 Aaohen
450 4121 482 4156 nn
509 4103 603 4156 stellen
626 4102 688 4156 oder
716 4102 772 4156 sein
789 4102 851 4156 Heil
871 4102 930 4155 dem
949 4100 1080 4154 Sehwerte
1099 4101 1329 4152 annovertreneu.“
1366 4097 1452 4151 Unser

272 4176 362 4258 obiges
382 4173 524 4231 Sohreiben
549 4190 604 4226 nnn
631 4171 669 4226 ist
695 4172 737 4226 die
764 4173 945 4240 Erwiderung,
973 4170 1070 4225 welche
1097 4169 1147 4222 den
1165 4168 1389 4249 Ueberbringern'
1405 4167 1451 4221 des

272 4245 446 4300 Ultnmetnms
471 4259 503 4297 an
528 4242 705 4297 delusores
728 4243 775 4296 ans
837 4244 887 4297 ben
915 4241 1004 4295 wurde
1028 4269 1063 4279 -
1089 4239 1137 4293 das
1164 4241 1244 4293 letzte
1268 4237 1452 4292 authentnsehe

274 4316 351 4370 Wort
369 4333 417 4369 ans
437 4315 496 4368 dem
513 4313 612 4368 Munda
631 4313 677 4366 des
694 4313 794 4382 geistig
829 4314 970 4380 eineswegs
988 4309 1167 4380 gebroobeuen
1185 4310 1304 4364 Manuos.
1334 4308 1384 4361 Die
1403 4307 1453 4362 Ge

273 4385 386 4440 sundten
404 4401 492 4439 waren
510 4385 588 4438 heum
605 4385 634 4438 in
652 4383 760 4438 Aaohen
778 4383 957 4453 eingetroffen,
979 4381 1018 4434 als
1037 4381 1080 4434 die
1092 4379 1186 4435 Konde
1205 4397 1253 4435 non
1273 4378 1370 4433 seinem
1382 4377 1454 4433 Tode

273 4457 330 4511 aieh
348 4455 512 4510 verbreitete.
