3617 5284
1381 583 1420 651 19

245 755 371 820 clariore
391 755 568 838 perfulgeat
590 775 685 837 quum
707 760 792 822 recte
813 757 890 822 tides
912 757 944 820 in
966 756 1120 841 principe:
1143 757 1238 821 nichil
1260 760 1316 835 est,
1339 759 1421 840 quod

245 840 290 904 ita
314 844 452 922 nequest
481 843 602 906 occasu
628 843 788 907 subiecere
812 861 908 925 quem
930 861 1004 906 vere
1025 843 1139 925 religio.
1184 841 1252 921 Quo
1274 843 1423 909 nimirum

244 926 349 990 omniu
369 929 458 991 tanto
479 927 691 1004 manifestius,
720 928 776 992 deo
798 930 931 1010 gratius,
952 928 986 992 in
1007 930 1216 1011 personatus
1238 928 1422 1006 clarescunt,

245 1015 388 1093 quento⁸l
410 1014 449 1078 eb
470 1013 598 1078 ineunte
621 1016 704 1078 etate
727 1018 847 1078 amator
868 1013 1025 1096 religionis
1049 1017 1081 1077 et
1102 1014 1203 1078 cultor
1224 1015 1345 1079 iusticie
1369 1034 1420 1080 ex·

244 1098 345 1162 titisse
360 1099 563 1181 cognosceris,
591 1103 623 1163 et
641 1099 808 1164 novissime
830 1099 939 1164 diebus
960 1099 1030 1163 istis
1051 1117 1109 1164 nec
1129 1117 1260 1182 persone
1282 1103 1336 1164 tue
1365 1119 1422 1165 nec

243 1185 364 1266 proprie
390 1185 544 1267 parcendo
572 1185 702 1268 pecunie
724 1204 779 1269 pro
801 1185 885 1250 beati
906 1184 992 1250 Petri
1015 1184 1140 1248 servitio
1162 1185 1278 1250 multos
1301 1185 1421 1252 labores

243 1272 277 1332 et
289 1269 445 1334 immensa
457 1271 596 1354 pericula
615 1271 781 1354 pertulisti„
815 1270 897 1335 Cum
919 1289 1000 1353 ergo,
1024 1272 1159 1334 testante
1182 1289 1269 1335 sacro
1292 1271 1421 1353 eloquio,

244 1355 339 1418 etiem
353 1355 428 1419 meli
442 1358 548 1439 patres
562 1356 666 1421 bona
686 1356 808 1438 date*)
823 1355 896 1420 filiis
912 1355 978 1420 suis
999 1355 1133 1420 debeant
1153 1355 1330 1439 impertire:
1354 1357 1421 1440 dig·

243 1459 320 1503 num
333 1440 470 1524 profecto
484 1443 541 1517 est,
562 1444 600 1506 ut
613 1461 679 1517 nos,
701 1442 754 1524 qui
770 1441 951 1524 disponente
967 1441 1090 1505 domino
1105 1441 1257 1506 universis
1272 1443 1420 1506 catholice

244 1526 371 1590 ecclesie
396 1525 468 1591 filiis
496 1526 646 1592 debemus
677 1526 882 1592 sollicitudine
903 1528 1034 1610 paterne
1055 1527 1228 1603 consulere,
1256 1547 1421 1610 porsonam

246 1617 334 1676 tuam
357 1611 455 1676 artius
477 1612 660 1694 diligemus,
689 1615 722 1676 et
747 1615 900 1694 tanquam
923 1611 1145 1695 specialissimo
1169 1612 1295 1677 ecclesie
1317 1613 1423 1678 delen·

242 1696 305 1760 sori
326 1697 359 1760 iu
381 1697 445 1773 bis,
475 1717 536 1780 que
559 1697 598 1761 ed
620 1700 741 1762 statum
760 1698 884 1781 imperii
910 1697 942 1760 in
966 1715 1022 1761 suo
1045 1697 1153 1762 robore
1177 1699 1422 1762 conservandum

243 1784 276 1845 et
304 1782 471 1848 utilitatem
500 1802 537 1847 uc
557 1783 734 1848 libertatem
756 1783 905 1848 catholice
930 1781 1056 1847 ecclesie
1080 1784 1219 1866 spectare
1240 1789 1421 1860 noscuntur,

242 1870 310 1930 tam
337 1867 509 1933 secuudum
539 1868 783 1933 ecclesiasticum
817 1868 954 1933 officium
987 1887 1083 1951 quam
1116 1868 1330 1952 temporaliter
1363 1870 1422 1933 im-

241 1953 428 2034 peratoriam
450 1954 622 2036 potentiam
645 1973 826 2036 augeamus.
868 1953 938 2018 Hoc
958 1953 1107 2018 nimirum
1128 1953 1247 2018 intuitu
1270 1955 1418 2019 allodium

242 2039 321 2102 bone
343 2040 490 2104 memorie
512 2039 677 2104 Countisse
691 2039 845 2114 Mettilde,
868 2039 951 2121 quod
968 2039 1077 2121 utique
1101 2039 1140 2102 ab
1162 2057 1199 2102 ee
1221 2039 1311 2105 bento
1326 2039 1420 2104 Petro

244 2126 369 2188 constat
383 2143 450 2188 esse
465 2125 623 2201 collatum,
644 2125 784 2208 vobis**)
801 2125 1035 2201 committimur,
1057 2127 1089 2188 ct
1104 2143 1140 2188 ex
1156 2124 1322 2208 apostolice
1339 2125 1421 2189 sodis

242 2208 471 2292 disponsatione
493 2210 706 2287 concedimus,
735 2214 830 2292 etque
856 2211 888 2273 in
911 2209 1067 2294 presentia
1088 2209 1221 2274 nouum
1243 2213 1419 2275 nostrorum

243 2295 557 2379 archiepiscoporum,
586 2295 812 2379 episcoporum,
841 2297 1004 2372 abbatum,
1036 2313 1156 2359 necnon
1184 2295 1358 2379 principum
1388 2301 1420 2362 ct

243 2380 475 2464 baronumpor
495 2382 678 2446 enullum
699 2381 1004 2457 investivimus,
1026 2381 1084 2444 itu
1107 2379 1305 2446 videlicet
1326 2385 1370 2445 ut
1385 2382 1418 2447 G.

242 2465 364 2530 libras
393 2467 550 2548 urgenti
578 2468 755 2549 singulis
778 2467 893 2531 annis
916 2467 1027 2530 nobis
1050 2468 1088 2530 et
1109 2467 1418 2531 successoribus

242 2551 396 2615 nostris
418 2553 620 2629 exsolves,
649 2555 681 2617 et
701 2555 773 2636 post
790 2556 882 2616 tuum
904 2553 1025 2617 obitum
1045 2552 1217 2634 proprietas
1246 2552 1284 2615 ud
1313 2552 1363 2616 ius
1386 2555 1418 2616 et

241 2636 441 2702 dominiumll
462 2641 568 2702 sancte
583 2639 723 2702 Romane
742 2638 868 2702 ecclesie
890 2657 964 2702 cum
986 2637 1164 2719 integritate
1188 2638 1304 2719 ubsque
1327 2637 1418 2703 dimi-

241 2723 369 2789 nutione
384 2743 420 2788 ac
434 2724 578 2788 molestia
591 2727 775 2788 revertetur.
812 2722 945 2802 Quodsi
966 2741 1022 2787 nos
1044 2723 1093 2786 rel
1115 2722 1227 2787 fratres
1248 2725 1371 2787 nostros
1386 2724 1417 2786 in

243 2809 374 2872 eandem
395 2812 513 2873 terrem
534 2809 645 2884 venire,
667 2827 794 2872 manere
808 2809 858 2874 vel
872 2808 1004 2873 transire
1020 2806 1198 2891 oportuerit,
1219 2811 1286 2872 tum
1300 2808 1333 2872 in
1348 2828 1419 2872 sus-

241 2894 394 2976 ceptione,
427 2913 524 2975 quom
554 2894 588 2958 in
619 2894 834 2978 procuratione
863 2897 958 2976 etque
975 2911 1095 2958 ,securo
1124 2892 1293 2970 conductu,
1325 2897 1419 2976 prout

242 2979 410 3062 apostolico
431 2979 521 3044 sedes
543 2979 720 3057 decreverit,
742 2980 938 3044 honoremur.
982 2977 1044 3057 Qui
1070 2996 1142 3043 vero
1165 2996 1251 3044 erccs
1274 2980 1418 3056 tenuerit,

240 3065 289 3128 vel
304 3065 417 3130 Rector
430 3067 513 3129 terre
528 3063 629 3141 fuerit,
644 3067 734 3130 beato
745 3065 839 3130 Petro
852 3069 884 3130 et
893 3064 982 3129 nobis
993 3063 1170 3145 nostrisque
1189 3065 1417 3128 successoribus

241 3149 424 3214 fidelitatem
437 3150 563 3214 faciant
599 3151 746 3216 Ceterum
760 3169 816 3234 pro
831 3150 961 3215 caritate
975 3151 1080 3214 vestre
1094 3148 1189 3213 nobili
1204 3148 1268 3214 viro
1283 3149 1417 3214 Henrioo

240 3235 378 3300 ssewurie
401 3235 486 3311 duci,
516 3254 628 3318 genero
651 3238 768 3311 vestro,
797 3239 830 3299 et
850 3237 913 3300 filie
935 3237 1050 3312 vestro,
1073 3235 1160 3298 uxori
1182 3234 1263 3311 eius,
1287 3235 1418 3299 cundem

240 3323 357 3384 terrem
378 3341 452 3385 cum
473 3321 592 3404 prefato
614 3341 711 3386 censu
731 3323 764 3385 et
786 3321 971 3403 supradictis
994 3319 1220 3385 conditionibus
1250 3321 1418 3403 apostolice

239 3406 429 3488 benignitate
458 3407 670 3472 concedimus:
692 3407 739 3470 ita
759 3409 865 3470 temen
887 3409 924 3470 ut
945 3405 1028 3470 idem
1050 3404 1112 3468 dun
1133 3404 1221 3469 nobis
1243 3406 1417 3470 hominium

239 3490 340 3568 iaciat,
362 3495 394 3556 et
414 3491 598 3556 fidelitatem
618 3494 709 3557 beato
725 3491 818 3555 Petro
841 3511 877 3555 uc
891 3492 952 3556 nob
967 3511 981 3555 s
997 3491 1173 3571 nostrisque
1189 3491 1417 3556 suecessoribus

239 3577 337 3642 iuret:
359 3580 432 3661 post
449 3596 584 3658 quorum
598 3578 718 3642 obitum
738 3577 914 3660 predictum
930 3576 1093 3641 Comitisee
1109 3575 1252 3640 Mettildc
1268 3576 1417 3640 allodium

240 3662 278 3727 ad
301 3663 350 3727 ius
373 3667 405 3727 et
419 3661 592 3727 dominium
614 3666 721 3728 sancte
743 3664 882 3727 Romem
905 3663 1046 3740 ecclesio,
1079 3661 1160 3725 sicut
1181 3680 1277 3745 supra
1298 3661 1417 3726 dictum

239 3895 422 3978 imperptorem
434 3912 494 3978 roro
506 3895 660 3978 Iotlrarium
672 3895 835 3976 complicatis
847 3894 969 3978 munibus
978 3911 1068 3976 coram
1086 3911 1113 3976 se
1126 3893 1282 3976 inclinatum
1295 3910 1416 3947 coronsm

238 3983 341 4036 rmpern
365 3967 435 4048 susci
453 3969 558 4020 renum.
595 3965 645 4019 Dre
662 3956 829 4019 chrscbrrit
846 3969 884 4019 ret
900 3964 1053 4019 dberlreiort
1070 3965 1112 4018 ber
1131 3963 1195 4019 Otto
1215 3963 1281 4019 uns.
1301 3965 1417 4032 (iorlges.

239 4053 264 4091 v·
282 4036 421 4106 mm)
440 4079 498 4160 lui
516 4040 588 4161 vlint
605 4109 668 4160 ente
686 4105 763 4173 fores,
781 4106 873 4188 iurans
890 4106 965 4176 prius
982 4105 1064 4159 Urbis
1081 4105 1200 4172 bonores,

326 4251 351 4310 o
370 4176 761 4317 scitetltfitltlt·
779 4176 1178 4328 tffltlllltttttffi·

326 4317 351 4386 ⁸)
368 4317 517 4372 Bernhardi
541 4334 566 4373 a.
584 4335 609 4372 a.
627 4317 658 4373 Ο.
678 4315 705 4372 S.
724 4320 784 4384 482,
807 4317 885 4372 Anm.
911 4319 1013 4386 urgrort
1037 4316 1126 4370 diesen
1143 4315 1283 4370 Ausdrnclr
1307 4313 1348 4368 uls
1374 4331 1418 4382 ge·

237 4387 365 4441 bracchio
374 4387 594 4458 Umschreibung,
611 4405 656 4441 urn
675 4387 725 4440 den
743 4387 913 4441 tochnischen
926 4386 1065 4440 Ausdnrclr
1077 4386 1203 4440 beneficia
1216 4402 1247 4438 nu
1260 4385 1417 4439 vormeiden.

240 4457 281 4524 *‘)
297 4457 374 4512 Nacb
392 4457 564 4513 Glosebrecht
580 4458 627 4524 IV,
650 4462 686 4512 86
703 4457 780 4513 dnm.
805 4458 843 4512 ist
865 4474 914 4510 aus
932 4457 990 4510 dem
1009 4447 1152 4526 Ubergeng
1172 4473 1230 4510 vom
1247 4455 1372 4524 singular
1390 4455 1416 4508 iu

239 4527 289 4582 den
307 4528 398 4582 Plural
416 4529 505 4583 nicbta
522 4546 554 4583 cu
572 4528 715 4652 schliessen
732 4528 773 4596 (i)
1209 4598 1249 4660 2*
