3617 5284
1368 540 1432 604 2bb

340 709 393 793 (Δ)
407 709 542 775 Proinde
558 712 626 776 tam
646 710 840 794 presentium
855 727 951 792 quam
967 709 1144 776 futurorum
1158 710 1281 794 imperii
1295 710 1435 776 fidelium

251 797 372 862 noverit
395 796 597 874 universitas,
625 796 759 878 qualiter
780 795 945 860 Heinricus
975 796 1133 878 quondam
1155 796 1218 862 dux
1238 796 1379 860 Bauarie
1402 801 1434 862 et

253 881 414 947 Westfalie
436 901 481 960 eo,
502 881 585 966 quod
606 882 806 948 ecclesiarum
819 882 879 948 Dei
900 886 933 945 et
946 882 1098 956 nobilium
1111 882 1233 966 imperii
1248 881 1434 961 libertatem,

252 967 464 1052 possessiones
504 987 612 1033 eorum
647 967 825 1053 occupando
864 969 896 1032 et
932 968 1002 1032 iura
1037 969 1176 1052 ipsorum
1212 967 1436 1045 imminuendo,

253 1053 389 1136 grauiter
409 1054 605 1138 oppresserit,
627 1072 664 1118 ex
684 1053 815 1120 instanti
830 1052 1006 1137 principum
1023 1054 1216 1136 querimonia
1238 1055 1269 1118 et
1283 1053 1434 1118 nobilium

251 1139 476 1222 plurimomm,
510 1139 585 1221 quia
617 1139 762 1206 citatione
790 1143 918 1205 vocatus
948 1139 1105 1204 maiestati
1133 1141 1239 1205 nostre
1259 1139 1434 1222 presentari

254 1225 475 1308 contempserit
497 1227 530 1289 et
549 1244 606 1308 pro
629 1226 688 1290 bsc
708 1225 905 1291 contumacia
919 1225 1094 1323 principum
1116 1227 1148 1290 et
1170 1244 1226 1289 sue
1248 1224 1434 1290 conditionis

255 1310 458 1376 Succorum)
490 1311 721 1394 proscriptionis
760 1314 867 1377 nostre
898 1310 1042 1376 incident
1084 1311 1286 1388 sententiam,
1323 1310 1434 1375 deiude
1554 1324 1558 1332 ·

255 1396 402 1479 quonism
423 1397 457 1460 in
479 1397 624 1461 ecclesias
638 1397 698 1461 Dei
720 1400 753 1461 et
772 1397 949 1482 principum
970 1399 1003 1462 et
1023 1397 1177 1462 nobilium
1198 1397 1267 1461 iura
1289 1398 1321 1460 et
1342 1397 1435 1461 liber·

255 1485 355 1547 tatem
377 1483 513 1564 massari
533 1501 597 1547 non
618 1482 783 1560 destiterit,
811 1487 879 1548 tam
899 1501 956 1566 pro
978 1483 1104 1548 illorum
1124 1482 1240 1546 iniuria
1260 1499 1356 1564 quam
1378 1501 1434 1566 pro

254 1569 418 1651 multiplici
457 1573 637 1652 contemptu
668 1570 757 1634 nobie
791 1569 926 1633 exhibito
967 1587 1003 1634 sc
1034 1569 1179 1652 precipue
1211 1587 1267 1651 pro
1301 1567 1435 1632 evidenti

254 1656 345 1719 reatu
365 1654 538 1719 maiestatis
560 1654 618 1719 sub
633 1653 744 1719 feodali
767 1655 834 1719 iure
848 1655 988 1737 legitimo
1010 1655 1092 1719 triuo
1114 1653 1213 1720 edicto
1235 1653 1275 1718 ad
1296 1655 1436 1719 nostram

255 1740 369 1804 citatm
391 1739 583 1805 audientiam
613 1759 664 1818 eo,
692 1739 777 1822 quod
804 1760 839 1806 se
868 1741 1064 1806 absentasset
1085 1759 1143 1804 nec
1164 1739 1301 1822 aliquem
1322 1758 1380 1823 pro
1403 1757 1435 1803 se

252 1825 391 1890 misisset
419 1826 645 1909 responsalem,
671 1829 837 1891 contumax
866 1825 1022 1891 iudicatus
1055 1829 1103 1891 est
1136 1843 1172 1890 ac
1204 1824 1334 1909 proinde
1367 1828 1436 1888 tam

254 1911 387 1975 ducatus
416 1910 554 1975 Bausrie
582 1929 679 1993 quam
708 1912 870 1977 Westtalie
896 1915 929 1977 et
955 1913 1091 1993 ungarie
1120 1930 1216 1993 quam
1243 1911 1340 1976 etism
1368 1911 1437 1974 uni-

254 2013 352 2073 versa,
376 2015 436 2079 que
459 1997 498 2060 ab
511 1996 641 2080 imperio
664 1997 808 2075 tenuerit,
829 1997 978 2062 beneficia
992 2017 1048 2081 per
1062 1997 1244 2061 unanimem
1259 1995 1436 2080 principum

254 2082 443 2146 seutentiam
471 2082 504 2147 iu
533 2083 697 2167 sollempni
723 2083 810 2149 curia
830 2083 1004 2148 Wirciburc
1031 2083 1187 2148 celebrate
1209 2082 1237 2146 ei
1259 2081 1437 2148 abiudicata

254 2169 331 2232 sunt
351 2170 520 2250 nostroque
541 2168 602 2232 iuri
623 2168 747 2234 addicto
769 2171 801 2234 et
821 2169 978 2252 potestati.

205 2271 213 2287 ·
340 2253 393 2336 (B)
408 2253 474 2318 Nos
488 2254 603 2336 itaque,
617 2254 727 2319 habita
740 2274 813 2320 cum
827 2254 1017 2338 principibus
1031 2253 1260 2329 deliberatione,
1276 2252 1433 2318 communi

254 2338 394 2422 ipsorum
422 2340 548 2405 consilio
575 2339 739 2416 ducatum,
768 2341 823 2422 qui
852 2340 967 2405 dicitur
987 2337 1150 2404 Westfalie
1176 2341 1209 2403 et
1229 2337 1372 2421 Auguria,
1402 2339 1434 2401 iu

254 2423 316 2489 duo
355 2423 517 2490 divisimus
558 2431 591 2490 et
629 2426 875 2491 consideratione
915 2425 1112 2502 meritorum,
1150 2425 1264 2507 quibus
1303 2423 1434 2488 dilectus

254 2511 396 2595 princeps
417 2514 524 2576 noster
544 2511 720 2596 Phylippus
742 2511 934 2577 coloniensis
958 2511 1204 2594 archiepiscopus
1226 2510 1265 2575 ob
1286 2509 1435 2574 honorem

253 2597 423 2680 imperialis
456 2616 566 2663 corone
595 2597 840 2681 promovendum
873 2600 906 2662 et
934 2595 1216 2674 manutenendum,
1244 2613 1302 2661 uec
1330 2613 1436 2659 rerum

255 2682 415 2766 dispendio
442 2702 501 2748 nec
528 2702 659 2766 persone
687 2683 857 2748 formidans
879 2683 1024 2767 pericula,
1055 2683 1153 2766 gratie
1175 2681 1343 2766 imperialis
1365 2699 1436 2764 pro·

254 2768 370 2832 meruit
390 2769 599 2852 privilegium,
626 2787 745 2834 uuam
766 2771 929 2854 partem,
959 2787 1042 2834 eam
1063 2768 1268 2844 uidelicet,
1296 2786 1370 2850 que
1391 2767 1435 2830 iu

256 2855 533 2939 episcopatum
554 2855 833 2921 coloniensem
863 2858 906 2920 et
933 2874 1002 2938 per
1030 2857 1156 2919 totum
1185 2852 1436 2918 Patbebrun-

256 2959 411 3006 neusem
440 2941 715 3025 episcopatum
744 2942 1054 3018 extendebatur,
1087 2960 1159 3005 cum
1192 2939 1277 3004 omni
1304 2940 1372 3004 iure
1405 2941 1437 3002 et

256 3026 476 3105 iurisdictione,
497 3026 640 3092 videlicet
661 3047 735 3092 cum
756 3027 963 3104 comitatibus,
986 3046 1057 3092 oum
1073 3025 1248 3102 adsocatiis,
1270 3044 1343 3089 cum
1365 3043 1436 3088 oon-

255 3111 408 3190 ductibus,
439 3130 512 3177 oum
532 3114 662 3190 mansis,
691 3132 764 3178 cum
785 3113 938 3190 curtibus,
961 3131 1033 3176 cum
1054 3111 1225 3188 beneficiis,
1251 3129 1323 3175 cum
1345 3109 1436 3174 mini-

255 3197 440 3274 sterialibus,
462 3217 535 3262 oum
555 3199 718 3282 mancipiis
748 3203 780 3264 et
808 3217 881 3263 oum
903 3199 1047 3263 omnibus
1070 3197 1109 3262 ad
1132 3196 1266 3261 eundem
1287 3195 1436 3261 ducatum

254 3283 495 3367 pertinentibus,
529 3285 698 3349 ecclesie
728 3283 957 3350 Coloniensi
988 3283 1169 3366 legitime
1200 3281 1435 3346 donavimus

160 3431 165 3442 ,
256 3372 288 3434 et
309 3369 347 3433 de
361 3368 562 3453 imperatoria
575 3370 762 3435 liberalitate
777 3369 965 3435 contulimus
988 3372 1027 3446 et,
1048 3368 1199 3450 requisita
1214 3386 1232 3432 a
1246 3367 1436 3451 principibus

255 3455 421 3533 sententia,
444 3456 537 3520 auid
559 3456 625 3521 fieri
648 3457 748 3533 liceat,
771 3455 948 3520 adiudicata
976 3460 1008 3520 et
1029 3454 1188 3520 communi
1209 3453 1382 3537 principum
1404 3455 1437 3517 et

256 3541 352 3606 totius
375 3540 459 3606 curie
482 3559 611 3606 assensu
627 3543 804 3626 approbata
828 3541 992 3606 accedente
1008 3559 1130 3624 quoque
1144 3539 1267 3623 publico
1283 3557 1435 3604 consensu

256 3627 359 3692 dilecti
395 3628 617 3710 consanguinei
653 3630 753 3694 nostri
789 3627 877 3692 ducis
913 3625 1102 3704 Bembardi,
1147 3625 1208 3690 cui
1243 3625 1436 3708 reliquam

255 3821 316 3884 913,
335 3821 484 3873 als-aab.
526 3818 584 3872 Von
610 3819 734 3873 frtihsren
760 3818 887 3872 Arbeiten
914 3817 990 3871 ttrbro
1016 3817 1060 3870 ich
1088 3833 1137 3870 an:
1166 3813 1312 3882 Gemeiner,
1342 3813 1436 3868 (leseh.

255 3888 373 3956 Bayems
390 3892 468 3943 uuter
485 3887 622 3943 Friedrich
639 3890 660 3944 1.
680 3889 707 3944 S.
726 3894 795 3955 3433
813 3889 945 3958 Bottiger,
963 3886 1089 3941 Heinrich
1111 3885 1136 3941 d.
1151 3885 1179 3940 L.
1199 3885 1225 3938 S.
1239 3889 1306 3950 3363
1325 3885 1436 3954 Ludwig

256 3957 435 4026 Giesebrecht,
463 3957 621 4014 Wandisehe
641 3959 817 4014 Gssehichtcu
835 3959 886 4026 ΙΙΙ,
905 3963 958 4014 ade
971 3959 1013 4020 u.;
1042 3956 1124 4022 Cohn,
1149 3955 1255 4010 Forsoh.
1275 3971 1296 4010 n.
1316 3955 1342 4010 d.
1362 3953 1394 4009 G.
1414 3955 1435 4022 1,

255 4033 308 4083 330
331 4028 445 4083 Aum2
470 4046 497 4086 u.
523 4029 596 4085 tht
622 4029 680 4085 Gel.
702 4030 767 4084 huz.
793 4033 870 4095 1888,
897 4027 924 4084 Β.
945 4033 997 4083 488
1020 4028 1063 4094 11.;
1093 4027 1182 4093 Pmtn,
1208 4024 1337 4079 Heinrich
1362 4025 1387 4080 d.
1406 4026 1436 4080 L.

256 4098 283 4153 S.
303 4102 369 4164 ata;
394 4099 518 4163 Fecbner,
543 4101 649 4155 Forech
676 4117 697 4154 z.
717 4101 743 4156 d.
762 4099 795 4155 G.
814 4099 846 4166 V,
871 4100 970 4155 48911.
1006 4098 1082 4152 Noch
1101 4097 1138 4151 sei
1157 4096 1283 4162 bsmedrt,
1314 4096 1376 4149 dass
1394 4097 1437 4149 it‘rr

256 4169 304 4222 das
323 4173 348 4224 2.
361 4168 427 4223 Hes
438 4170 484 4223 des
501 4170 678 4240 Jahrg.1seo
697 4171 743 4224 der
760 4169 886 4225 Zeitschr.
905 4171 923 4223 1.
938 4166 1278 4225 Gaschichtswisscnschcst
1296 4184 1318 4220 v.
1333 4165 1436 4231 Quidde

255 4240 313 4293 eine
324 4240 506 4309 Abhaudlung
523 4259 572 4296 von
590 4241 961 4306 Scholion-Boichorst,
980 4239 1029 4292 Dis
1041 4238 1168 4292 Urlrnude
1186 4238 1251 4290 tiber
1269 4237 1311 4291 dis
1324 4236 1436 4306 Toiluug

255 4310 302 4364 dos
313 4309 355 4364 He
448 4327 488 4364 ms
506 4311 622 4366 Sachsen
643 4316 718 4379 1180,
737 4313 765 4365 in
783 4311 911 4366 hussicht
929 4311 1038 4380 gestellt
1055 4309 1100 4363 ist

344 4383 370 4448 a)
415 4382 515 4436 olenius
539 4383 594 4436 und
620 4383 663 4436 dio
687 4383 757 4436 uach
780 4382 836 4437 ihm
857 4382 1017 4450 gefertigten
1041 4379 1146 4433 Drucke
1169 4378 1258 4432 lasseu
1284 4377 1327 4432 die
1344 4377 1436 4432 Worte

257 4452 405 4522 principum
422 4455 451 4506 et
468 4469 514 4506 sue
533 4453 691 4508 conditionis
709 4452 852 4507 Suevorum
871 4468 935 4522 weg.
1274 4465 1281 4480 ’
