3617 5284
1375 577 1438 640 251

258 743 345 810 vobis
374 745 551 830 supradicto
578 745 694 811 illustri
721 747 787 828 rogi
809 745 978 811 wilhelmo
1008 764 1103 828 quam
1133 746 1300 812 heredibus
1330 747 1442 812 vestris

259 833 292 894 et
317 850 413 913 regno
434 832 538 896 restro
565 834 598 895 et
626 831 684 896 toti
712 834 794 896 terre
816 831 1035 897 dominationis
1057 833 1161 897 vestro
1183 832 1386 898 attendantur
1409 837 1441 897 ct

257 917 475 982 observentur:
504 936 562 982 nos
590 917 747 1002 predictus
772 917 942 1001 imperator
971 917 1155 995 bonafide,
1184 918 1251 983 sine
1273 917 1382 983 frande
1407 921 1440 982 et

258 1003 340 1068 melo
361 1003 485 1086 ingenio
506 1002 539 1066 in
560 1004 718 1086 presentia
737 1003 909 1068 beatissimi
928 1004 1027 1087 patris
1049 1005 1147 1068 nostri
1170 1022 1251 1087 pape
1271 1003 1441 1069 Alexandri

259 1092 291 1152 ct
323 1089 527 1154 cardinalium
566 1091 599 1153 et
634 1089 809 1171 legatorum
840 1092 1016 1154 vestromm
1048 1089 1216 1154 Romnaldi
1254 1090 1439 1154 venerabilis

260 1174 447 1239 salernitani
480 1175 700 1259 archiepiscopi
737 1176 769 1238 et
797 1175 923 1257 Rogerii
962 1175 1077 1258 egregii
1113 1175 1234 1240 comitis
1262 1175 1379 1240 Andrie
1408 1179 1440 1239 et

256 1261 431 1344 principum
453 1279 489 1325 ac
509 1260 648 1326 fidelium
668 1265 849 1325 nostrornm
871 1279 890 1324 a
912 1262 1024 1325 comite
1044 1259 1190 1325 Heinrioo
1211 1261 1250 1326 de
1272 1261 1384 1326 Diessa
1407 1261 1440 1324 in

258 1345 363 1410 anima
383 1349 491 1411 nostra
512 1365 607 1430 snper
627 1348 737 1411 sancta
756 1345 816 1410 Dei
838 1346 1001 1428 euangelia
1030 1348 1062 1410 et
1090 1351 1270 1411 sanctorum
1291 1345 1440 1428 reliquias

257 1431 353 1495 iursri
385 1431 516 1496 fecimus
549 1435 581 1497 et
613 1432 796 1497 Heinricnm
828 1431 929 1496 filium
961 1435 1105 1496 nostrum
1137 1449 1193 1515 per
1222 1432 1440 1516 interpositam

257 1516 386 1599 dignam
406 1537 572 1602 pomonam
593 1518 627 1582 in
650 1518 754 1583 anima
775 1535 834 1582 sua
855 1517 888 1581 id
909 1517 1013 1601 ipsum
1034 1517 1137 1582 iurare
1165 1516 1316 1583 faciemus
1338 1537 1438 1601 nsque

257 1603 295 1666 ad
307 1603 447 1668 medium
457 1603 601 1669 intutum
613 1603 830 1687 Septembrem
839 1602 1017 1669 indictionis
1033 1604 1204 1669 undecimo.
1225 1604 1267 1668 ht
1280 1603 1436 1688 prinsipes

256 1692 380 1754 nostros
401 1690 485 1755 idem
513 1690 616 1754 iurare
637 1687 783 1767 fecimus,
811 1687 958 1753 videlicet
979 1688 1194 1754 Christianum
1216 1689 1437 1772 hlcgnntinum

257 1775 530 1859 archiepiscopum,
544 1774 718 1840 Amoldum
730 1776 953 1839 'lheverensem
969 1775 1241 1858 archiepiscopum,
1257 1775 1436 1841 Conradnm

258 1859 532 1926 Gnormaciensem
546 1861 689 1937 electum,
708 1859 912 1926 Godefridnm
926 1860 1095 1944 imperialis
1115 1861 1186 1925 aule
1209 1861 1438 1938 cancellarium,

256 1945 463 2010 Wortwinnm
489 1947 749 2022 protonotarium,
777 1945 990 2011 marchionem
1017 1945 1242 2010 Theodericum
1272 1945 1310 2011 de
1339 1947 1440 2024 Lasia,

256 2031 449 2096 Florentium
488 2032 634 2096 comitem
665 2031 833 2108 Holandie‚
870 2031 1017 2096 comitem
1054 2031 1216 2097 Dedoncm
1249 2032 1288 2096 de
1325 2032 1439 2116 Groyx,

257 2117 404 2182 comitem
420 2117 605 2182 Heinricnm
626 2117 665 2181 de
686 2117 806 2194 Diesse,
828 2116 975 2182 comitem
997 2118 1195 2201 Roupertnm
1217 2117 1255 2182 de
1277 2117 1396 2182 Darna

341 2203 392 2268 Ad
418 2203 512 2268 huius
540 2209 648 2268 antem
669 2204 766 2287 pacti,
793 2201 1007 2286 promissionis
1036 2205 1069 2268 et
1089 2203 1257 2267 iuramenti
1281 2203 1379 2268 nostri
1404 2207 1435 2268 et

256 2287 394 2353 Heinrici
421 2288 503 2372 regis
530 2289 587 2353 filii
614 2289 713 2353 nostri
742 2293 774 2354 et
798 2287 975 2386 principum
996 2292 1174 2354 nostrorum
1196 2289 1380 2354 memoriam
1403 2293 1435 2354 et

255 2373 430 2440 inviolabile
457 2375 692 2439 firmamentum
712 2393 840 2458 presens
860 2374 1057 2457 puvileginm
1078 2377 1222 2439 nostrum
1242 2393 1299 2458 per
1320 2393 1434 2440 manus

259 2460 417 2525 Wortwini
445 2460 647 2544 protonotarii
672 2460 771 2525 nostri
801 2460 893 2524 scribi
922 2459 1052 2525 fecimus
1085 2465 1117 2524 et
1145 2460 1299 2544 imperiali
1331 2461 1432 2544 sigillo

256 2548 362 2611 nostro
402 2564 495 2611 aureo
534 2546 706 2628 sigillatum
742 2548 775 2610 et
806 2546 1015 2630 predictorum
1046 2545 1222 2630 principum
1253 2546 1429 2612 iuramento

255 2632 485 2697 communitum
515 2632 602 2697 vobis
634 2631 844 2715 suprascripto
872 2633 987 2697 illustri
1015 2633 1081 2714 regi
1107 2631 1264 2697 Willelmo
1300 2631 1431 2697 lecimus

255 2718 414 2800 assignari.
470 2721 559 2783 Anno
598 2717 750 2783 dominice
788 2718 1009 2784 incamationis
1055 2717 1221 2783 millesimo
1261 2719 1431 2784 centesimo

222 2814 225 2821 '
255 2804 484 2888 septuagesimo
507 2804 648 2887 septimo,
669 2822 778 2869 menso
798 2805 943 2887 Augusti,
965 2803 1087 2870 decimo
1107 2802 1283 2869 indictione.

317 2957 436 3044 lllll.
461 2957 629 3045 bdmiben
655 2957 833 3044 1111111111
858 2958 882 3044 Ι.
908 2981 949 3046 ou
973 2957 1084 3045 111111
1109 2957 1230 3046 daniel
1255 2958 1374 3060 117711

376 3075 534 3145 (Kap-Herr,
551 3077 603 3130 Dic
621 3076 779 3131 abendltnd.
798 3076 898 3131 Politilr
917 3076 1012 3130 Kaisar
1028 3076 1150 3130 Manuale
1169 3074 1195 3130 S.
1217 3075 1314 3146 1561.)

339 3189 543 3275 thidericus)
559 3190 664 3256 divina
678 3189 802 3256 favente
817 3190 984 3255 clementia
999 3190 1168 3339 imperator
1182 3189 1308 3254 inclitus
1325 3188 1436 3254 trium·

254 3276 368 3359 phatir
383 3276 474 3341 adeo
489 3279 654 3342 coronatus
669 3277 812 3341 sublimis
827 3277 859 3340 in
875 3275 1000 3342 Christo
1015 3275 1037 3340 h
1059 3276 1115 3340 elis
1130 3294 1264 3357 magnus
1287 3274 1437 3372 paciticus

254 3361 406 3444 gloriosus
428 3381 515 3427 cesar
535 3361 706 3428 Greeomm
726 3361 904 3428 moderator
934 3379 1057 3446 semper
1086 3363 1250 3443 augustus,
1277 3361 1373 3425 nobili
1405 3361 1437 3424 et

290 3523 293 3528 ·
345 3497 527 3570 ‘ssep-Hert
553 3498 693 3570 publiziert
720 3499 770 3553 den
788 3497 864 3553 Briei
886 3499 956 3553 nach
985 3498 1045 3554 dem
1073 3497 1136 3554 eod.
1165 3499 1218 3568 pal.
1236 3497 1349 3553 Vindob.
1382 3501 1434 3552 95³

255 3569 362 3637 (Salisb.
399 3571 460 3640 103)
497 3570 541 3626 iol.
576 3574 626 3626 138
643 3571 670 3625 b.
712 3569 838 3624 Derselbc
872 3569 911 3624 ist
944 3569 986 3624 die
1013 3569 1136 3624 Antwort
1168 3569 1216 3622 anf
1247 3567 1290 3622 ein
1322 3569 1350 3622 in
1385 3569 1435 3622 den

254 3640 372 3695 Annales
406 3641 548 3696 stadenses
583 3640 631 3710 (Μ.
668 3638 700 3695 G.
737 3639 782 3695 SS.
819 3640 897 3707 XVI,
934 3641 997 3708 319)
1030 3638 1250 3709 fragmentarisch
1288 3639 1436 3693 erhsltenes

254 3710 395 3766 Schreiben
420 3711 515 3766 Kaisar
537 3711 666 3765 Mannels.
701 3711 745 3765 Da
770 3711 799 3764 in
826 3711 886 3764 dem
916 3710 1002 3764 Brieia
1030 3709 1152 3764 Menaeis
1179 3709 1251 3762 einer
1280 3709 1434 3776 demhtigen

256 3779 463 3836 Gesandtschaft
495 3781 541 3836 dae
574 3781 817 3836 munch-Annus
848 3797 898 3834 von
932 3781 1054 3834 lienium
1085 3779 1255 3846 Erwthnung
1289 3779 1435 3848 geschicht,

254 3851 361 3906 Manuel
389 3852 451 3906 aber
477 3852 528 3906 mit
551 3852 649 3906 diesem
678 3868 736 3905 zum
763 3851 930 3905 lotctenmcla
954 3851 992 3905 im
1014 3850 1095 3904 Jshre
1122 3853 1188 3904 11711
1214 3849 1349 3919 geltmptt
1375 3848 1432 3916 hat,

255 3925 324 3976 aetat
349 3920 491 3993 hap-Hert
523 3921 572 3975 den
599 3921 675 3976 Briat
698 3921 819 3975 Manuale
843 3922 871 3974 in
899 3921 943 3974 die
968 3921 1049 3975 Jahre
1079 3920 1211 3988 1176177,
1238 3919 1281 3972 die
1308 3921 1431 3976 Antwort

253 3991 403 4046 Friedrichs
414 3991 443 4046 in
456 3991 504 4046 das
515 3991 583 4046 Jahr
596 3996 672 4047 1177.
682 4023 704 4031 -
712 3991 819 4045 Manuel
830 3991 907 4045 hatte
918 3990 1067 4046 Alexander
1078 3990 1128 4044 III.
1142 3989 1182 4042 als
1194 3989 1278 4059 Papst
1288 3989 1436 4044 ancrkannt

255 4062 318 4130 (agl.
337 4063 364 4118 Β.
384 4067 435 4116 199
452 4064 530 4118 Anna
550 4064 578 4129 1)
602 4062 657 4116 und
679 4061 736 4115 sich
755 4061 840 4115 deruit
857 4061 905 4114 ani
921 4061 964 4114 die
981 4061 1053 4116 Seite
1071 4061 1118 4115 der
1136 4059 1240 4128 Gcgner
1263 4059 1309 4113 des
1326 4059 1434 4114 Kaisers

253 4133 369 4202 gestellt.
405 4133 438 4186 In
454 4132 560 4201 Anagni
577 4149 633 4186 war
650 4133 692 4186 ein
704 4131 899 4202 Separattriede
916 4131 967 4185 mit
977 4132 1084 4186 Mannel
1102 4131 1130 4185 in
1141 4129 1270 4184 Ausaicht
1280 4147 1434 4198 genommen

253 4219 372 4272 genesen
397 4202 519 4273 (Pactum
545 4203 728 4271 Anagninum,
751 4202 854 4256 Artihcl
876 4205 936 4268 10),
965 4202 994 4256 in
1013 4201 1133 4270 Venedig
1159 4201 1293 4268 begntigte
1311 4199 1369 4253 sich
1387 4200 1434 4254 dar

253 4273 337 4344 Papst
354 4274 406 4328 mit
424 4273 484 4327 dem
501 4274 540 4327 Vc
584 4272 695 4340 rechen,
722 4273 784 4326 dsss
801 4271 938 4326 Friedrich
957 4271 1016 4326 dem
1033 4271 1128 4326 Kaieer
1144 4287 1194 4324 von
1212 4269 1432 4340 Konstantinopel

253 4343 298 4398 dic
321 4343 368 4398 der
392 4342 540 4398 rdmischen
593 4342 664 4396 'che
688 4343 844 4411 geleisteten
861 4342 972 4396 Dienste
996 4343 1072 4396 nicht
1095 4341 1155 4395 libel
1181 4341 1313 4409 vergelton
1339 4341 1432 4396 werdo.

253 4414 376 4481 (Pactum
397 4415 540 4480 Venetum,
565 4414 670 4468 Artilrel
691 4417 742 4480 11)).
779 4413 839 4483 Vgl
857 4413 998 4484 Kap-Herr
1023 4431 1046 4468 a.
1070 4430 1094 4467 a
1113 4411 1145 4468 Ο.
1164 4410 1191 4467 Β.
1215 4415 1353 4467 roo—109
1378 4412 1433 4466 und

254 4483 427 4541 Giosebrecht
443 4503 467 4541 a
487 4502 511 4541 a
530 4484 562 4541 Ο.
580 4484 613 4552 V,
631 4484 786 4539 872-8711
