<?xml version="1.0" encoding="UTF-8"?>
<!DOCTYPE html PUBLIC "-//W3C//DTD XHTML 1.0 Transitional//EN"
    "http://www.w3.org/TR/xhtml1/DTD/xhtml1-transitional.dtd">
<html xmlns="http://www.w3.org/1999/xhtml" xml:lang="en" lang="en">
 <head>
  <title>
</title>
<meta http-equiv="Content-Type" content="text/html;charset=utf-8" />
  <meta name='ocr-system' content='tesseract 3.04.00' />
  <meta name='ocr-capabilities' content='ocr_page ocr_carea ocr_par ocr_line ocrx_word'/>
</head>
<body>
  <div class='ocr_page' id='page_1' title='image "./monumentagerman01dbgoog_0196.png"; bbox 0 0 3617 5284; ppageno 0'>
   <div class='ocr_carea' id='block_1_1' title="bbox 1360 551 1422 616">
    <p class='ocr_par' dir='ltr' id='par_1_1' title="bbox 1360 551 1422 616">
     <span class='ocr_line' id='line_1_1' title="bbox 1360 551 1422 616; baseline 0.032 -2"><span class='ocrx_word' id='word_1_1' title='bbox 1360 551 1422 616; x_wconf 84' lang='lat'>109</span> 
     </span>
    </p>
   </div>
   <div class='ocr_carea' id='block_1_2' title="bbox 238 721 1468 3126">
    <p class='ocr_par' dir='ltr' id='par_1_2' title="bbox 238 721 1468 3126">
     <span class='ocr_line' id='line_1_2' title="bbox 239 721 1421 806; baseline -0.001 -21"><span class='ocrx_word' id='word_1_2' title='bbox 239 722 371 786; x_wconf 89' lang='lat' dir='ltr'>nissimo</span> <span class='ocrx_word' id='word_1_3' title='bbox 394 723 511 805; x_wconf 90' lang='lat' dir='ltr'>gremio</span> <span class='ocrx_word' id='word_1_4' title='bbox 534 741 590 787; x_wconf 90' lang='lat' dir='ltr'>suo</span> <span class='ocrx_word' id='word_1_5' title='bbox 612 725 686 788; x_wconf 91' lang='lat' dir='ltr'>tuae</span> <span class='ocrx_word' id='word_1_6' title='bbox 708 723 909 788; x_wconf 88' lang='lat' dir='ltr'>sublimitatis</span> <span class='ocrx_word' id='word_1_7' title='bbox 933 723 1051 806; x_wconf 80' lang='lat' dir='ltr'>apicem</span> <span class='ocrx_word' id='word_1_8' title='bbox 1075 724 1231 787; x_wconf 85' lang='lat' dir='ltr'>studuerit</span> <span class='ocrx_word' id='word_1_9' title='bbox 1253 721 1421 798; x_wconf 82' lang='lat' dir='ltr'>confovere,</span> 
     </span>
     <span class='ocr_line' id='line_1_3' title="bbox 239 808 1422 892; baseline 0 -20"><span class='ocrx_word' id='word_1_10' title='bbox 239 808 337 872; x_wconf 80' lang='lat' dir='ltr'>nichil</span> <span class='ocrx_word' id='word_1_11' title='bbox 358 828 486 892; x_wconf 89' lang='lat' dir='ltr'>prorsus</span> <span class='ocrx_word' id='word_1_12' title='bbox 507 808 643 872; x_wconf 87' lang='lat' dir='ltr'>efficiens</span> <span class='ocrx_word' id='word_1_13' title='bbox 666 808 747 890; x_wconf 92' lang='lat' dir='ltr'>quod</span> <span class='ocrx_word' id='word_1_14' title='bbox 770 810 874 891; x_wconf 87' lang='lat' dir='ltr'>regiae</span> <span class='ocrx_word' id='word_1_15' title='bbox 896 811 1050 873; x_wconf 89' lang='lat' dir='ltr'>voluntati</span> <span class='ocrx_word' id='word_1_16' title='bbox 1074 809 1122 873; x_wconf 88' lang='lat' dir='ltr'>vel</span> <span class='ocrx_word' id='word_1_17' title='bbox 1145 809 1176 873; x_wconf 89' lang='lat' dir='ltr'>in</span> <span class='ocrx_word' id='word_1_18' title='bbox 1198 809 1327 872; x_wconf 91' lang='lat' dir='ltr'>minimo</span> <span class='ocrx_word' id='word_1_19' title='bbox 1350 826 1422 889; x_wconf 87' lang='lat' dir='ltr'>cog·</span> 
     </span>
     <span class='ocr_line' id='line_1_4' title="bbox 241 894 1421 977; baseline -0.001 -20"><span class='ocrx_word' id='word_1_20' title='bbox 241 898 384 958; x_wconf 87' lang='lat' dir='ltr'>nosceret</span> <span class='ocrx_word' id='word_1_21' title='bbox 406 896 537 959; x_wconf 87' lang='lat' dir='ltr'>obviare.</span> <span class='ocrx_word' id='word_1_22' title='bbox 573 895 684 977; x_wconf 84' lang='lat' dir='ltr'>Neque</span> <span class='ocrx_word' id='word_1_23' title='bbox 698 898 805 958; x_wconf 89' lang='lat' dir='ltr'>tamen</span> <span class='ocrx_word' id='word_1_24' title='bbox 821 895 940 977; x_wconf 90' lang='lat' dir='ltr'>penitet</span> <span class='ocrx_word' id='word_1_25' title='bbox 961 915 1019 959; x_wconf 93' lang='lat' dir='ltr'>nos</span> <span class='ocrx_word' id='word_1_26' title='bbox 1041 901 1114 958; x_wconf 90' lang='lat' dir='ltr'>tuae</span> <span class='ocrx_word' id='word_1_27' title='bbox 1138 894 1290 958; x_wconf 89' lang='lat' dir='ltr'>desideria</span> <span class='ocrx_word' id='word_1_28' title='bbox 1312 894 1421 957; x_wconf 83' lang='lat' dir='ltr'>volun-</span> 
     </span>
     <span class='ocr_line' id='line_1_5' title="bbox 240 980 1421 1064; baseline 0 -22"><span class='ocrx_word' id='word_1_29' title='bbox 240 980 317 1044; x_wconf 82' lang='lat' dir='ltr'>tatis</span> <span class='ocrx_word' id='word_1_30' title='bbox 333 982 365 1044; x_wconf 90' lang='lat' dir='ltr'>in</span> <span class='ocrx_word' id='word_1_31' title='bbox 380 981 524 1045; x_wconf 91' lang='lat' dir='ltr'>omnibus</span> <span class='ocrx_word' id='word_1_32' title='bbox 539 981 724 1064; x_wconf 85' lang='lat' dir='ltr'>implevisse,</span> <span class='ocrx_word' id='word_1_33' title='bbox 746 980 810 1057; x_wconf 93' lang='lat' dir='ltr'>sed,</span> <span class='ocrx_word' id='word_1_34' title='bbox 833 982 859 1044; x_wconf 92' lang='lat' dir='ltr'>si</span> <span class='ocrx_word' id='word_1_35' title='bbox 874 983 993 1045; x_wconf 89' lang='lat' dir='ltr'>maiora</span> <span class='ocrx_word' id='word_1_36' title='bbox 1013 980 1218 1045; x_wconf 80' lang='lat' dir='ltr'>beneficia</span> <span class='ocrx_word' id='word_1_37' title='bbox 1240 980 1421 1044; x_wconf 79' lang='lat' dir='ltr'>excellentia</span> 
     </span>
     <span class='ocr_line' id='line_1_6' title="bbox 240 1065 1419 1150; baseline 0.001 -22"><span class='ocrx_word' id='word_1_38' title='bbox 240 1069 299 1129; x_wconf 92' lang='lat' dir='ltr'>tua</span> <span class='ocrx_word' id='word_1_39' title='bbox 327 1067 366 1130; x_wconf 92' lang='lat' dir='ltr'>de</span> <span class='ocrx_word' id='word_1_40' title='bbox 394 1085 491 1130; x_wconf 90' lang='lat' dir='ltr'>manu</span> <span class='ocrx_word' id='word_1_41' title='bbox 520 1069 628 1130; x_wconf 88' lang='lat' dir='ltr'>nostra</span> <span class='ocrx_word' id='word_1_42' title='bbox 657 1067 863 1149; x_wconf 88' lang='lat' dir='ltr'>suscepisset,</span> <span class='ocrx_word' id='word_1_43' title='bbox 893 1067 919 1131; x_wconf 89' lang='lat' dir='ltr'>si</span> <span class='ocrx_word' id='word_1_44' title='bbox 943 1067 1009 1131; x_wconf 88' lang='lat' dir='ltr'>lieri</span> <span class='ocrx_word' id='word_1_45' title='bbox 1031 1070 1151 1150; x_wconf 88' lang='lat' dir='ltr'>posset,</span> <span class='ocrx_word' id='word_1_46' title='bbox 1180 1065 1419 1140; x_wconf 81' lang='lat' dir='ltr'>considerantes,</span> 
     </span>
     <span class='ocr_line' id='line_1_7' title="bbox 241 1151 1421 1236; baseline 0.002 -23"><span class='ocrx_word' id='word_1_47' title='bbox 241 1155 362 1232; x_wconf 88' lang='lat' dir='ltr'>quanta</span> <span class='ocrx_word' id='word_1_48' title='bbox 376 1153 541 1217; x_wconf 86' lang='lat' dir='ltr'>aecclesiae</span> <span class='ocrx_word' id='word_1_49' title='bbox 556 1151 615 1214; x_wconf 90' lang='lat' dir='ltr'>Dei</span> <span class='ocrx_word' id='word_1_50' title='bbox 636 1155 669 1215; x_wconf 90' lang='lat' dir='ltr'>et</span> <span class='ocrx_word' id='word_1_51' title='bbox 689 1153 778 1216; x_wconf 89' lang='lat' dir='ltr'>nobis</span> <span class='ocrx_word' id='word_1_52' title='bbox 799 1172 855 1236; x_wconf 89' lang='lat' dir='ltr'>per</span> <span class='ocrx_word' id='word_1_53' title='bbox 876 1155 908 1216; x_wconf 91' lang='lat' dir='ltr'>te</span> <span class='ocrx_word' id='word_1_54' title='bbox 929 1153 1121 1216; x_wconf 91' lang='lat' dir='ltr'>incrementa</span> <span class='ocrx_word' id='word_1_55' title='bbox 1141 1152 1262 1235; x_wconf 83' lang='lat' dir='ltr'>possint</span> <span class='ocrx_word' id='word_1_56' title='bbox 1283 1157 1315 1214; x_wconf 87' lang='lat' dir='ltr'>et</span> <span class='ocrx_word' id='word_1_57' title='bbox 1337 1170 1421 1215; x_wconf 91' lang='lat' dir='ltr'>com-</span> 
     </span>
     <span class='ocr_line' id='line_1_8' title="bbox 239 1237 1421 1321; baseline 0 -21"><span class='ocrx_word' id='word_1_58' title='bbox 239 1237 336 1301; x_wconf 90' lang='lat' dir='ltr'>moda</span> <span class='ocrx_word' id='word_1_59' title='bbox 362 1238 536 1321; x_wconf 87' lang='lat' dir='ltr'>provenire,</span> <span class='ocrx_word' id='word_1_60' title='bbox 563 1257 625 1302; x_wconf 89' lang='lat' dir='ltr'>nou</span> <span class='ocrx_word' id='word_1_61' title='bbox 654 1237 798 1302; x_wconf 78' lang='lat' dir='ltr'>inmerito</span> <span class='ocrx_word' id='word_1_62' title='bbox 820 1238 1037 1319; x_wconf 79' lang='lat' dir='ltr'>gauderemus.</span> <span class='ocrx_word' id='word_1_63' title='bbox 1082 1238 1174 1302; x_wconf 88' lang='lat' dir='ltr'>Nunc</span> <span class='ocrx_word' id='word_1_64' title='bbox 1195 1241 1319 1311; x_wconf 88' lang='lat' dir='ltr'>autem,</span> <span class='ocrx_word' id='word_1_65' title='bbox 1346 1238 1421 1318; x_wconf 91' lang='lat' dir='ltr'>quia</span> 
     </span>
     <span class='ocr_line' id='line_1_9' title="bbox 241 1321 1420 1404; baseline 0 -18"><span class='ocrx_word' id='word_1_66' title='bbox 241 1327 308 1386; x_wconf 86' lang='lat' dir='ltr'>tarn</span> <span class='ocrx_word' id='word_1_67' title='bbox 322 1323 500 1387; x_wconf 88' lang='lat' dir='ltr'>inmensum</span> <span class='ocrx_word' id='word_1_68' title='bbox 514 1323 643 1398; x_wconf 84' lang='lat' dir='ltr'>lacinus,</span> <span class='ocrx_word' id='word_1_69' title='bbox 666 1323 748 1404; x_wconf 91' lang='lat' dir='ltr'>quod</span> <span class='ocrx_word' id='word_1_70' title='bbox 764 1325 795 1387; x_wconf 86' lang='lat' dir='ltr'>in</span> <span class='ocrx_word' id='word_1_71' title='bbox 810 1325 1032 1388; x_wconf 82' lang='lat' dir='ltr'>contumeliam</span> <span class='ocrx_word' id='word_1_72' title='bbox 1047 1323 1231 1388; x_wconf 88' lang='lat' dir='ltr'>universalis</span> <span class='ocrx_word' id='word_1_73' title='bbox 1255 1321 1420 1387; x_wconf 86' lang='lat' dir='ltr'>aecclesiae</span> 
     </span>
     <span class='ocr_line' id='line_1_10' title="bbox 241 1407 1420 1494; baseline 0 -23"><span class='ocrx_word' id='word_1_74' title='bbox 241 1412 275 1472; x_wconf 92' lang='lat' dir='ltr'>et</span> <span class='ocrx_word' id='word_1_75' title='bbox 289 1410 411 1494; x_wconf 90' lang='lat' dir='ltr'>imperii</span> <span class='ocrx_word' id='word_1_76' title='bbox 434 1410 481 1473; x_wconf 90' lang='lat' dir='ltr'>tui</span> <span class='ocrx_word' id='word_1_77' title='bbox 502 1410 642 1474; x_wconf 90' lang='lat' dir='ltr'>noscitur</span> <span class='ocrx_word' id='word_1_78' title='bbox 657 1410 752 1472; x_wconf 87' lang='lat' dir='ltr'>etiam</span> <span class='ocrx_word' id='word_1_79' title='bbox 767 1411 978 1484; x_wconf 90' lang='lat' dir='ltr'>commissum,</span> <span class='ocrx_word' id='word_1_80' title='bbox 1001 1411 1156 1492; x_wconf 85' lang='lat' dir='ltr'>negligere</span> <span class='ocrx_word' id='word_1_81' title='bbox 1172 1429 1209 1474; x_wconf 90' lang='lat' dir='ltr'>ao</span> <span class='ocrx_word' id='word_1_82' title='bbox 1223 1407 1420 1472; x_wconf 88' lang='lat' dir='ltr'>dissimulare</span> 
     </span>
     <span class='ocr_line' id='line_1_11' title="bbox 241 1494 1420 1579; baseline 0.001 -22"><span class='ocrx_word' id='word_1_83' title='bbox 241 1494 365 1573; x_wconf 83' lang='lat' dir='ltr'>videris,</span> <span class='ocrx_word' id='word_1_84' title='bbox 387 1496 584 1579; x_wconf 88' lang='lat' dir='ltr'>suspicamur</span> <span class='ocrx_word' id='word_1_85' title='bbox 605 1498 714 1576; x_wconf 90' lang='lat' dir='ltr'>utique</span> <span class='ocrx_word' id='word_1_86' title='bbox 731 1514 933 1573; x_wconf 74' lang='lat' dir='ltr'>ueneremur,</span> <span class='ocrx_word' id='word_1_87' title='bbox 956 1515 994 1559; x_wconf 91' lang='lat' dir='ltr'>ne</span> <span class='ocrx_word' id='word_1_88' title='bbox 1017 1496 1094 1560; x_wconf 86' lang='lat' dir='ltr'>sorte</span> <span class='ocrx_word' id='word_1_89' title='bbox 1117 1496 1149 1560; x_wconf 91' lang='grc' dir='ltr'>ιιι</span> <span class='ocrx_word' id='word_1_90' title='bbox 1171 1497 1252 1560; x_wconf 90' lang='lat' dir='ltr'>hanc</span> <span class='ocrx_word' id='word_1_91' title='bbox 1274 1494 1420 1558; x_wconf 87' lang='lat' dir='ltr'>dissimu-</span> 
     </span>
     <span class='ocr_line' id='line_1_12' title="bbox 240 1580 1421 1664; baseline 0.002 -22"><span class='ocrx_word' id='word_1_92' title='bbox 240 1580 391 1645; x_wconf 84' lang='lat' dir='ltr'>lationem</span> <span class='ocrx_word' id='word_1_93' title='bbox 419 1585 452 1645; x_wconf 91' lang='lat' dir='ltr'>et</span> <span class='ocrx_word' id='word_1_94' title='bbox 479 1581 702 1663; x_wconf 89' lang='lat' dir='ltr'>negligentiam</span> <span class='ocrx_word' id='word_1_95' title='bbox 731 1585 857 1664; x_wconf 92' lang='lat' dir='ltr'>propter</span> <span class='ocrx_word' id='word_1_96' title='bbox 878 1583 937 1646; x_wconf 91' lang='lat' dir='ltr'>hoe</span> <span class='ocrx_word' id='word_1_97' title='bbox 958 1586 1033 1646; x_wconf 91' lang='lat' dir='ltr'>tuus</span> <span class='ocrx_word' id='word_1_98' title='bbox 1056 1583 1180 1646; x_wconf 90' lang='lat' dir='ltr'>animus</span> <span class='ocrx_word' id='word_1_99' title='bbox 1202 1582 1244 1644; x_wconf 89' lang='lat' dir='ltr'>sit</span> <span class='ocrx_word' id='word_1_100' title='bbox 1265 1581 1421 1658; x_wconf 89' lang='lat' dir='ltr'>inductus,</span> 
     </span>
     <span class='ocr_line' id='line_1_13' title="bbox 241 1667 1420 1750; baseline 0.001 -21"><span class='ocrx_word' id='word_1_101' title='bbox 241 1667 343 1747; x_wconf 93' lang='lat' dir='ltr'>quod</span> <span class='ocrx_word' id='word_1_102' title='bbox 381 1669 642 1748; x_wconf 80' lang='lat' dir='ltr'>suggestione</span> <span class='ocrx_word' id='word_1_103' title='bbox 678 1668 857 1750; x_wconf 82' lang='lat' dir='ltr'>perversi</span> <span class='ocrx_word' id='word_1_104' title='bbox 893 1668 1067 1732; x_wconf 91' lang='lat' dir='ltr'>hominis</span> <span class='ocrx_word' id='word_1_105' title='bbox 1097 1668 1264 1732; x_wconf 83' lang='lat' dir='ltr'>-zizania</span> <span class='ocrx_word' id='word_1_106' title='bbox 1299 1667 1420 1731; x_wconf 91' lang='lat' dir='ltr'>semi·</span> 
     </span>
     <span class='ocr_line' id='line_1_14' title="bbox 239 1753 1468 1828; baseline -0.003 -14"><span class='ocrx_word' id='word_1_107' title='bbox 239 1753 380 1816; x_wconf 88' lang='lat' dir='ltr'>nantis</span> <span class='ocrx_word' id='word_1_108' title='bbox 395 1753 587 1817; x_wconf 85' lang='lat' dir='ltr'>adversus</span> <span class='ocrx_word' id='word_1_109' title='bbox 610 1753 963 1828; x_wconf 84' lang='lat' dir='ltr'>clementissimam</span> <span class='ocrx_word' id='word_1_110' title='bbox 977 1759 1139 1818; x_wconf 89' lang='lat' dir='ltr'>matrem</span> <span class='ocrx_word' id='word_1_111' title='bbox 1160 1755 1269 1817; x_wconf 88' lang='lat' dir='ltr'>tuam</span> <span class='ocrx_word' id='word_1_112' title='bbox 1290 1771 1420 1817; x_wconf 89' lang='lat' dir='ltr'>sacro·</span> <span class='ocrx_word' id='word_1_113' title='bbox 1462 1796 1468 1810; x_wconf 94' lang='lat'><strong>.</strong></span> 
     </span>
     <span class='ocr_line' id='line_1_15' title="bbox 241 1839 1419 1922; baseline 0.002 -22"><span class='ocrx_word' id='word_1_114' title='bbox 241 1841 417 1902; x_wconf 90' lang='lat' dir='ltr'>sanctam</span> <span class='ocrx_word' id='word_1_115' title='bbox 450 1839 656 1903; x_wconf 87' lang='lat' dir='ltr'>Romanam</span> <span class='ocrx_word' id='word_1_116' title='bbox 693 1840 1007 1903; x_wconf 89' lang='lat' dir='ltr'>aecclesiamt</span> <span class='ocrx_word' id='word_1_117' title='bbox 969 1843 1007 1904; x_wconf 91' lang='lat' dir='ltr'>et</span> <span class='ocrx_word' id='word_1_118' title='bbox 1043 1858 1110 1903; x_wconf 92' lang='lat' dir='ltr'>nos</span> <span class='ocrx_word' id='word_1_119' title='bbox 1146 1839 1254 1922; x_wconf 91' lang='lat' dir='ltr'>ipsos</span> <span class='ocrx_word' id='word_1_120' title='bbox 1287 1839 1419 1920; x_wconf 91' lang='lat' dir='ltr'>indig-</span> 
     </span>
     <span class='ocr_line' id='line_1_16' title="bbox 240 1924 1420 2074; baseline 0.001 -88"><span class='ocrx_word' id='word_1_121' title='bbox 240 1924 460 2001; x_wconf 91' lang='lat' dir='ltr'>nationem,</span> <span class='ocrx_word' id='word_1_122' title='bbox 488 1925 591 2073; x_wconf 40' lang='lat' dir='ltr'>qu&#39;od</span> <span class='ocrx_word' id='word_1_123' title='bbox 621 1925 739 2001; x_wconf 88' lang='lat' dir='ltr'>absit,</span> <span class='ocrx_word' id='word_1_124' title='bbox 769 1927 947 2023; x_wconf 84' lang='lat' dir='ltr'>aliquam</span> <span class='ocrx_word' id='word_1_125' title='bbox 976 1925 1212 2074; x_wconf 82' lang='lat' dir='ltr'>conceperis</span> <span class='ocrx_word' id='word_1_126' title='bbox 1239 1925 1301 1987; x_wconf 82' lang='lat' dir='ltr'>vel</span> <span class='ocrx_word' id='word_1_127' title='bbox 1328 1943 1420 1987; x_wconf 91' lang='lat' dir='ltr'>ran-</span> 
     </span>
     <span class='ocr_line' id='line_1_17' title="bbox 241 2009 1420 2107; baseline 0.002 -35"><span class='ocrx_word' id='word_1_128' title='bbox 241 2028 378 2075; x_wconf 89' lang='lat' dir='ltr'>corem.</span> <span class='ocrx_word' id='word_1_129' title='bbox 402 2009 450 2075; x_wconf 89' lang='lat' dir='ltr'>Ob</span> <span class='ocrx_word' id='word_1_130' title='bbox 462 2011 542 2074; x_wconf 93' lang='lat' dir='ltr'>hoc&#39;</span> <span class='ocrx_word' id='word_1_131' title='bbox 534 2010 591 2091; x_wconf 82' lang='lat' dir='ltr'>igit</span> <span class='ocrx_word' id='word_1_132' title='bbox 591 2030 629 2073; x_wconf 89' lang='lat' dir='ltr'>ur</span> <span class='ocrx_word' id='word_1_133' title='bbox 643 2012 675 2074; x_wconf 89' lang='lat' dir='ltr'>et</span> <span class='ocrx_word' id='word_1_134' title='bbox 689 2010 728 2074; x_wconf 93' lang='lat' dir='ltr'>ob</span> <span class='ocrx_word' id='word_1_135' title='bbox 743 2011 804 2074; x_wconf 91' lang='lat' dir='ltr'>alia</span> <span class='ocrx_word' id='word_1_136' title='bbox 811 2011 948 2076; x_wconf 71' lang='lat' dir='ltr'>oomnis</span> <span class='ocrx_word' id='word_1_137' title='bbox 961 2017 1056 2095; x_wconf 91' lang='lat' dir='ltr'>negot</span> <span class='ocrx_word' id='word_1_138' title='bbox 1057 2013 1094 2088; x_wconf 87' lang='lat' dir='ltr'>ia,</span> <span class='ocrx_word' id='word_1_139' title='bbox 1111 2029 1190 2093; x_wconf 88' lang='lat' dir='ltr'>quae</span> <span class='ocrx_word' id='word_1_140' title='bbox 1206 2010 1420 2107; x_wconf 85' lang='lat' dir='ltr'>cognoscimus</span> 
     </span>
     <span class='ocr_line' id='line_1_18' title="bbox 240 2094 1419 2178; baseline 0.003 -20"><span class='ocrx_word' id='word_1_141' title='bbox 240 2094 419 2172; x_wconf 90' lang='lat' dir='ltr'>imminere,</span> <span class='ocrx_word' id='word_1_142' title='bbox 456 2097 534 2161; x_wconf 92' lang='lat' dir='ltr'>duos</span> <span class='ocrx_word' id='word_1_143' title='bbox 571 2096 608 2159; x_wconf 91' lang='lat' dir='ltr'>de</span> <span class='ocrx_word' id='word_1_144' title='bbox 645 2096 823 2161; x_wconf 86' lang='lat' dir='ltr'>melioribus</span> <span class='ocrx_word' id='word_1_145' title='bbox 860 2104 893 2161; x_wconf 90' lang='lat' dir='ltr'>et</span> <span class='ocrx_word' id='word_1_146' title='bbox 930 2097 1097 2161; x_wconf 77' lang='lat' dir='ltr'>cancnbus</span> <span class='ocrx_word' id='word_1_147' title='bbox 1135 2116 1214 2178; x_wconf 92' lang='lat' dir='ltr'>quos</span> <span class='ocrx_word' id='word_1_148' title='bbox 1251 2095 1331 2160; x_wconf 89' lang='lat' dir='ltr'>circa</span> <span class='ocrx_word' id='word_1_149' title='bbox 1363 2115 1419 2161; x_wconf 93' lang='lat' dir='ltr'>nos</span> 
     </span>
     <span class='ocr_line' id='line_1_19' title="bbox 240 2181 1420 2260; baseline 0.001 -16"><span class='ocrx_word' id='word_1_150' title='bbox 240 2182 408 2258; x_wconf 89' lang='lat' dir='ltr'>habemus,</span> <span class='ocrx_word' id='word_1_151' title='bbox 431 2181 559 2246; x_wconf 89' lang='lat' dir='ltr'>dilectos</span> <span class='ocrx_word' id='word_1_152' title='bbox 582 2183 698 2246; x_wconf 88' lang='lat' dir='ltr'>scilicet</span> <span class='ocrx_word' id='word_1_153' title='bbox 719 2182 798 2246; x_wconf 88' lang='lat' dir='ltr'>fflios</span> <span class='ocrx_word' id='word_1_154' title='bbox 820 2186 958 2260; x_wconf 89' lang='lat' dir='ltr'>nostros,</span> <span class='ocrx_word' id='word_1_155' title='bbox 987 2182 1206 2247; x_wconf 88' lang='lat' dir='ltr'>Bemhardum</span> <span class='ocrx_word' id='word_1_156' title='bbox 1229 2181 1328 2246; x_wconf 87' lang='lat' dir='ltr'>sancti</span> <span class='ocrx_word' id='word_1_157' title='bbox 1351 2181 1420 2246; x_wconf 83' lang='lat' dir='ltr'>Cle·</span> 
     </span>
     <span class='ocr_line' id='line_1_20' title="bbox 238 2267 1418 2350; baseline 0.002 -20"><span class='ocrx_word' id='word_1_158' title='bbox 238 2267 355 2332; x_wconf 90' lang='lat' dir='ltr'>mentis</span> <span class='ocrx_word' id='word_1_159' title='bbox 383 2268 592 2350; x_wconf 89' lang='lat' dir='ltr'>presbiterum</span> <span class='ocrx_word' id='word_1_160' title='bbox 618 2267 806 2332; x_wconf 75' lang='lat' dir='ltr'>cardinalem</span> <span class='ocrx_word' id='word_1_161' title='bbox 829 2275 860 2332; x_wconf 90' lang='lat' dir='ltr'>et</span> <span class='ocrx_word' id='word_1_162' title='bbox 881 2269 1059 2333; x_wconf 87' lang='lat' dir='ltr'>Rolandum</span> <span class='ocrx_word' id='word_1_163' title='bbox 1081 2270 1166 2333; x_wconf 91' lang='lat' dir='ltr'>tituli</span> <span class='ocrx_word' id='word_1_164' title='bbox 1191 2268 1297 2332; x_wconf 81' lang='lat' dir='ltr'>Sancti</span> <span class='ocrx_word' id='word_1_165' title='bbox 1320 2268 1418 2332; x_wconf 86' lang='lat' dir='ltr'>Marci</span> 
     </span>
     <span class='ocr_line' id='line_1_21' title="bbox 239 2353 1419 2436; baseline 0.002 -20"><span class='ocrx_word' id='word_1_166' title='bbox 239 2354 450 2436; x_wconf 89' lang='lat' dir='ltr'>presbiterum</span> <span class='ocrx_word' id='word_1_167' title='bbox 482 2354 671 2419; x_wconf 89' lang='lat' dir='ltr'>cardinalem</span> <span class='ocrx_word' id='word_1_168' title='bbox 704 2355 736 2418; x_wconf 94' lang='lat' dir='ltr'>et</span> <span class='ocrx_word' id='word_1_169' title='bbox 764 2355 984 2419; x_wconf 90' lang='lat' dir='ltr'>cancellarium</span> <span class='ocrx_word' id='word_1_170' title='bbox 1010 2357 1167 2430; x_wconf 90' lang='lat' dir='ltr'>nostrum,</span> <span class='ocrx_word' id='word_1_171' title='bbox 1199 2355 1281 2419; x_wconf 88' lang='lat' dir='ltr'>viros</span> <span class='ocrx_word' id='word_1_172' title='bbox 1309 2353 1419 2435; x_wconf 90' lang='lat' dir='ltr'>utiquc</span> 
     </span>
     <span class='ocr_line' id='line_1_22' title="bbox 240 2439 1419 2523; baseline 0 -21"><span class='ocrx_word' id='word_1_173' title='bbox 240 2439 389 2520; x_wconf 88' lang='lat' dir='ltr'>religione</span> <span class='ocrx_word' id='word_1_174' title='bbox 407 2442 440 2503; x_wconf 86' lang='lat' dir='ltr'>et</span> <span class='ocrx_word' id='word_1_175' title='bbox 460 2439 628 2523; x_wconf 87' lang='lat' dir='ltr'>prudentia</span> <span class='ocrx_word' id='word_1_176' title='bbox 648 2443 680 2503; x_wconf 91' lang='lat' dir='ltr'>et</span> <span class='ocrx_word' id='word_1_177' title='bbox 702 2440 864 2506; x_wconf 87' lang='lat' dir='ltr'>honestate</span> <span class='ocrx_word' id='word_1_178' title='bbox 887 2441 1077 2523; x_wconf 88' lang='lat' dir='ltr'>conspicuos,</span> <span class='ocrx_word' id='word_1_179' title='bbox 1100 2439 1260 2505; x_wconf 86' lang='lat' dir='ltr'>serenitati</span> <span class='ocrx_word' id='word_1_180' title='bbox 1285 2441 1358 2504; x_wconf 89' lang='lat' dir='ltr'>tuae</span> <span class='ocrx_word' id='word_1_181' title='bbox 1381 2439 1419 2503; x_wconf 92' lang='lat' dir='ltr'>de</span> 
     </span>
     <span class='ocr_line' id='line_1_23' title="bbox 240 2524 1419 2609; baseline 0.002 -23"><span class='ocrx_word' id='word_1_182' title='bbox 240 2525 338 2590; x_wconf 90' lang='lat' dir='ltr'>latere</span> <span class='ocrx_word' id='word_1_183' title='bbox 360 2529 466 2590; x_wconf 90' lang='lat' dir='ltr'>nostro</span> <span class='ocrx_word' id='word_1_184' title='bbox 488 2526 526 2589; x_wconf 91' lang='lat' dir='ltr'>ad</span> <span class='ocrx_word' id='word_1_185' title='bbox 544 2545 673 2609; x_wconf 87' lang='lat' dir='ltr'>presens</span> <span class='ocrx_word' id='word_1_186' title='bbox 695 2524 841 2590; x_wconf 82' lang='lat' dir='ltr'>duximus</span> <span class='ocrx_word' id='word_1_187' title='bbox 864 2526 1072 2603; x_wconf 88' lang='lat' dir='ltr'>destinandos,</span> <span class='ocrx_word' id='word_1_188' title='bbox 1095 2526 1307 2590; x_wconf 84' lang='lat' dir='ltr'>excellentiam</span> <span class='ocrx_word' id='word_1_189' title='bbox 1330 2528 1419 2589; x_wconf 92' lang='lat' dir='ltr'>tuam</span> 
     </span>
     <span class='ocr_line' id='line_1_24' title="bbox 240 2611 1418 2693; baseline 0.002 -20"><span class='ocrx_word' id='word_1_190' title='bbox 240 2613 389 2693; x_wconf 88' lang='lat' dir='ltr'>rogantes</span> <span class='ocrx_word' id='word_1_191' title='bbox 419 2611 586 2688; x_wconf 87' lang='lat' dir='ltr'>attentius,</span> <span class='ocrx_word' id='word_1_192' title='bbox 616 2613 764 2693; x_wconf 84' lang='lat' dir='ltr'>quatinus</span> <span class='ocrx_word' id='word_1_193' title='bbox 793 2631 845 2676; x_wconf 90' lang='lat' dir='ltr'>eos</span> <span class='ocrx_word' id='word_1_194' title='bbox 872 2616 939 2676; x_wconf 89' lang='lat' dir='ltr'>tam</span> <span class='ocrx_word' id='word_1_195' title='bbox 968 2613 1132 2677; x_wconf 89' lang='lat' dir='ltr'>honorifica</span> <span class='ocrx_word' id='word_1_196' title='bbox 1161 2629 1258 2693; x_wconf 88' lang='lat' dir='ltr'>quarn</span> <span class='ocrx_word' id='word_1_197' title='bbox 1285 2612 1418 2693; x_wconf 81' lang='lat' dir='ltr'>benigne</span> 
     </span>
     <span class='ocr_line' id='line_1_25' title="bbox 241 2697 1418 2783; baseline 0.001 -23"><span class='ocrx_word' id='word_1_198' title='bbox 241 2697 382 2780; x_wconf 87' lang='lat' dir='ltr'>recipias,</span> <span class='ocrx_word' id='word_1_199' title='bbox 403 2698 533 2762; x_wconf 88' lang='lat' dir='ltr'>honeste</span> <span class='ocrx_word' id='word_1_200' title='bbox 548 2700 672 2774; x_wconf 89' lang='lat' dir='ltr'>tractes,</span> <span class='ocrx_word' id='word_1_201' title='bbox 694 2702 726 2761; x_wconf 88' lang='lat' dir='ltr'>et</span> <span class='ocrx_word' id='word_1_202' title='bbox 741 2716 778 2762; x_wconf 90' lang='lat' dir='ltr'>ea</span> <span class='ocrx_word' id='word_1_203' title='bbox 800 2717 880 2779; x_wconf 88' lang='lat' dir='ltr'>quae</span> <span class='ocrx_word' id='word_1_204' title='bbox 903 2698 962 2783; x_wconf 88' lang='lat' dir='ltr'>ipsi</span> <span class='ocrx_word' id='word_1_205' title='bbox 985 2718 1078 2781; x_wconf 90' lang='lat' dir='ltr'>super</span> <span class='ocrx_word' id='word_1_206' title='bbox 1099 2699 1158 2762; x_wconf 91' lang='lat' dir='ltr'>hoc</span> <span class='ocrx_word' id='word_1_207' title='bbox 1180 2701 1211 2762; x_wconf 88' lang='lat' dir='ltr'>ct</span> <span class='ocrx_word' id='word_1_208' title='bbox 1233 2716 1328 2780; x_wconf 91' lang='lat' dir='ltr'>super</span> <span class='ocrx_word' id='word_1_209' title='bbox 1350 2698 1418 2762; x_wconf 89' lang='lat' dir='ltr'>aliis</span> 
     </span>
     <span class='ocr_line' id='line_1_26' title="bbox 241 2782 1418 2860; baseline 0.002 -14"><span class='ocrx_word' id='word_1_210' title='bbox 241 2782 281 2846; x_wconf 89' lang='lat' dir='ltr'>ad</span> <span class='ocrx_word' id='word_1_211' title='bbox 308 2783 458 2847; x_wconf 89' lang='lat' dir='ltr'>honorem</span> <span class='ocrx_word' id='word_1_212' title='bbox 478 2783 538 2847; x_wconf 94' lang='lat' dir='ltr'>Dei</span> <span class='ocrx_word' id='word_1_213' title='bbox 567 2785 599 2847; x_wconf 91' lang='lat' dir='ltr'>et</span> <span class='ocrx_word' id='word_1_214' title='bbox 625 2786 840 2848; x_wconf 87' lang='lat' dir='ltr'>sacrosanctae</span> <span class='ocrx_word' id='word_1_215' title='bbox 862 2785 1023 2848; x_wconf 87' lang='lat' dir='ltr'>Romanae</span> <span class='ocrx_word' id='word_1_216' title='bbox 1053 2784 1233 2860; x_wconf 89' lang='lat' dir='ltr'>aecclesiae,</span> <span class='ocrx_word' id='word_1_217' title='bbox 1263 2784 1299 2847; x_wconf 85' lang='lat' dir='ltr'>ad</span> <span class='ocrx_word' id='word_1_218' title='bbox 1324 2783 1418 2848; x_wconf 87' lang='lat' dir='ltr'>decus</span> 
     </span>
     <span class='ocr_line' id='line_1_27' title="bbox 242 2868 1418 2953; baseline 0 -21"><span class='ocrx_word' id='word_1_219' title='bbox 242 2868 338 2932; x_wconf 87' lang='lat' dir='ltr'>etiam</span> <span class='ocrx_word' id='word_1_220' title='bbox 367 2873 399 2933; x_wconf 90' lang='lat' dir='ltr'>et</span> <span class='ocrx_word' id='word_1_221' title='bbox 428 2869 647 2933; x_wconf 82' lang='lat' dir='ltr'>exaltationem</span> <span class='ocrx_word' id='word_1_222' title='bbox 674 2869 796 2952; x_wconf 88' lang='lat' dir='ltr'>imperii</span> <span class='ocrx_word' id='word_1_223' title='bbox 823 2871 1012 2953; x_wconf 88' lang='lat' dir='ltr'>pertinentia</span> <span class='ocrx_word' id='word_1_224' title='bbox 1041 2890 1078 2934; x_wconf 82' lang='lat' dir='ltr'>ex</span> <span class='ocrx_word' id='word_1_225' title='bbox 1110 2871 1200 2953; x_wconf 90' lang='lat' dir='ltr'>parte</span> <span class='ocrx_word' id='word_1_226' title='bbox 1232 2872 1340 2933; x_wconf 88' lang='lat' dir='ltr'>nostra</span> <span class='ocrx_word' id='word_1_227' title='bbox 1360 2870 1418 2932; x_wconf 90' lang='lat' dir='ltr'>im-</span> 
     </span>
     <span class='ocr_line' id='line_1_28' title="bbox 240 2954 1418 3038; baseline 0.001 -21"><span class='ocrx_word' id='word_1_228' title='bbox 240 2955 414 3038; x_wconf 88' lang='lat' dir='ltr'>peratoriae</span> <span class='ocrx_word' id='word_1_229' title='bbox 429 2955 645 3038; x_wconf 88' lang='lat' dir='ltr'>proposuerint</span> <span class='ocrx_word' id='word_1_230' title='bbox 665 2954 818 3036; x_wconf 89' lang='lat' dir='ltr'>dignitati,</span> <span class='ocrx_word' id='word_1_231' title='bbox 846 2957 957 3020; x_wconf 59' lang='lat' dir='ltr'>sienae&gt;</span> <span class='ocrx_word' id='word_1_232' title='bbox 981 2957 1019 3021; x_wconf 92' lang='lat' dir='ltr'>ab</span> <span class='ocrx_word' id='word_1_233' title='bbox 1043 2975 1094 3020; x_wconf 93' lang='lat' dir='ltr'>ore</span> <span class='ocrx_word' id='word_1_234' title='bbox 1116 2958 1221 3019; x_wconf 90' lang='lat' dir='ltr'>nostro</span> <span class='ocrx_word' id='word_1_235' title='bbox 1242 2954 1418 3038; x_wconf 84' lang='lat' dir='ltr'>procedant,</span> 
     </span>
     <span class='ocr_line' id='line_1_29' title="bbox 241 3040 1417 3126; baseline -0.001 -22"><span class='ocrx_word' id='word_1_236' title='bbox 241 3041 359 3122; x_wconf 87' lang='lat' dir='ltr'>absque</span> <span class='ocrx_word' id='word_1_237' title='bbox 382 3040 448 3104; x_wconf 90' lang='lat' dir='ltr'>ulla</span> <span class='ocrx_word' id='word_1_238' title='bbox 468 3040 653 3105; x_wconf 86' lang='lat' dir='ltr'>hesitatione</span> <span class='ocrx_word' id='word_1_239' title='bbox 675 3041 825 3124; x_wconf 88' lang='lat' dir='ltr'>suscipias</span> <span class='ocrx_word' id='word_1_240' title='bbox 848 3045 880 3105; x_wconf 87' lang='lat' dir='ltr'>et</span> <span class='ocrx_word' id='word_1_241' title='bbox 901 3043 1040 3126; x_wconf 89' lang='lat' dir='ltr'>ipsomm</span> <span class='ocrx_word' id='word_1_242' title='bbox 1063 3041 1179 3118; x_wconf 77' lang='lat' dir='ltr'>verbis,</span> <span class='ocrx_word' id='word_1_243' title='bbox 1207 3047 1368 3122; x_wconf 86' lang='lat' dir='ltr'>tamquam</span> <span class='ocrx_word' id='word_1_244' title='bbox 1392 3041 1417 3105; x_wconf 87' lang='lat' dir='ltr'>si</span> 
     </span>
    </p>
   </div>
   <div class='ocr_carea' id='block_1_3' title="bbox 242 3125 1261 3294">
    <p class='ocr_par' dir='ltr' id='par_1_3' title="bbox 242 3125 1261 3294">
     <span class='ocr_line' id='line_1_30' title="bbox 242 3125 1261 3209; baseline 0 -20"><span class='ocrx_word' id='word_1_245' title='bbox 242 3144 280 3190; x_wconf 90' lang='lat' dir='ltr'>ea</span> <span class='ocrx_word' id='word_1_246' title='bbox 301 3126 494 3208; x_wconf 86' lang='lat' dir='ltr'>contingeret</span> <span class='ocrx_word' id='word_1_247' title='bbox 515 3146 572 3191; x_wconf 92' lang='lat' dir='ltr'>nos</span> <span class='ocrx_word' id='word_1_248' title='bbox 593 3125 739 3209; x_wconf 85' lang='lat' dir='ltr'>proferre,</span> <span class='ocrx_word' id='word_1_249' title='bbox 761 3127 854 3190; x_wconf 87' lang='lat' dir='ltr'>tidem</span> <span class='ocrx_word' id='word_1_250' title='bbox 876 3147 940 3192; x_wconf 92' lang='lat' dir='ltr'>non</span> <span class='ocrx_word' id='word_1_251' title='bbox 962 3127 1085 3191; x_wconf 89' lang='lat' dir='ltr'>dubites</span> <span class='ocrx_word' id='word_1_252' title='bbox 1108 3127 1261 3190; x_wconf 86' lang='lat' dir='ltr'>adhibere.</span> 
     </span>
     <span class='ocr_line' id='line_1_31' title="bbox 327 3211 920 3294; baseline 0.002 -19"><span class='ocrx_word' id='word_1_253' title='bbox 327 3212 399 3276; x_wconf 89' lang='lat' dir='ltr'>Dat</span> <span class='ocrx_word' id='word_1_254' title='bbox 421 3215 581 3294; x_wconf 77' lang='lat' dir='ltr'>Anagniae</span> <span class='ocrx_word' id='word_1_255' title='bbox 606 3214 654 3276; x_wconf 82' lang='lat'>12.</span> <span class='ocrx_word' id='word_1_256' title='bbox 676 3212 746 3275; x_wconf 88' lang='lat' dir='ltr'>Kal.</span> <span class='ocrx_word' id='word_1_257' title='bbox 769 3211 920 3278; x_wconf 81' lang='lat' dir='ltr'>Octobris.</span> 
     </span>
    </p>
   </div>
   <div class='ocr_carea' id='block_1_4' title="bbox 423 3426 1234 3611">
    <p class='ocr_par' dir='ltr' id='par_1_4' title="bbox 423 3426 1234 3611">
     <span class='ocr_line' id='line_1_32' title="bbox 423 3426 1234 3511; baseline 0.002 -15"><span class='ocrx_word' id='word_1_258' title='bbox 423 3426 455 3509; x_wconf 88' lang='lat' dir='ltr'>b)</span> <span class='ocrx_word' id='word_1_259' title='bbox 478 3426 629 3496; x_wconf 75' lang='lat' dir='ltr'>numo</span> <span class='ocrx_word' id='word_1_260' title='bbox 649 3428 707 3497; x_wconf 82' lang='lat' dir='ltr'>des</span> <span class='ocrx_word' id='word_1_261' title='bbox 730 3428 872 3511; x_wconf 72' lang='lat' dir='ltr'>Reicere,</span> <span class='ocrx_word' id='word_1_262' title='bbox 896 3429 981 3498; x_wconf 75' lang='lat' dir='ltr'>[nde</span> <span class='ocrx_word' id='word_1_263' title='bbox 1005 3428 1141 3498; x_wconf 75' lang='lat' dir='ltr'>under</span> <span class='ocrx_word' id='word_1_264' title='bbox 1161 3426 1234 3502; x_wconf 71' lang='lat' dir='ltr'>llos.</span> 
     </span>
     <span class='ocr_line' id='line_1_33' title="bbox 568 3539 1088 3611; baseline 0.004 -17"><span class='ocrx_word' id='word_1_265' title='bbox 568 3539 1012 3608; x_wconf 59' lang='lat' dir='ltr'>Quinquatruum.</span> <span class='ocrx_word' id='word_1_266' title='bbox 1034 3543 1088 3611; x_wconf 72' lang='grc' dir='ltr'><strong>ιι.)</strong></span> 
     </span>
    </p>
   </div>
   <div class='ocr_carea' id='block_1_5' title="bbox 240 3639 1480 4413">
    <p class='ocr_par' dir='ltr' id='par_1_5' title="bbox 240 3639 1418 4070">
     <span class='ocr_line' id='line_1_34' title="bbox 327 3639 1417 3740; baseline 0.002 -36"><span class='ocrx_word' id='word_1_267' title='bbox 327 3639 408 3704; x_wconf 89' lang='lat' dir='ltr'>Cum</span> <span class='ocrx_word' id='word_1_268' title='bbox 436 3639 541 3703; x_wconf 89' lang='lat' dir='ltr'>divina</span> <span class='ocrx_word' id='word_1_269' title='bbox 566 3640 720 3724; x_wconf 86' lang='lat' dir='ltr'>potentia,</span> <span class='ocrx_word' id='word_1_270' title='bbox 747 3659 767 3704; x_wconf 90' lang='lat' dir='ltr'>a</span> <span class='ocrx_word' id='word_1_271' title='bbox 794 3659 858 3723; x_wconf 90' lang='lat' dir='ltr'>qua</span> <span class='ocrx_word' id='word_1_272' title='bbox 885 3642 987 3706; x_wconf 91' lang='lat' dir='ltr'>omnis</span> <span class='ocrx_word' id='word_1_273' title='bbox 1009 3661 1048 3740; x_wconf 92' lang='lat' dir='ltr'>po</span> <span class='ocrx_word' id='word_1_274' title='bbox 1051 3647 1112 3707; x_wconf 86' lang='lat' dir='ltr'>ttes</span> <span class='ocrx_word' id='word_1_275' title='bbox 1113 3662 1147 3706; x_wconf 92' lang='lat' dir='ltr'>as</span> <span class='ocrx_word' id='word_1_276' title='bbox 1168 3643 1201 3706; x_wconf 90' lang='lat' dir='ltr'>in</span> <span class='ocrx_word' id='word_1_277' title='bbox 1223 3643 1307 3707; x_wconf 89' lang='lat' dir='ltr'>caelo</span> <span class='ocrx_word' id='word_1_278' title='bbox 1331 3643 1417 3708; x_wconf 90' lang='lat' dir='ltr'>etin</span> 
     </span>
     <span class='ocr_line' id='line_1_35' title="bbox 241 3725 1418 3826; baseline 0.003 -37"><span class='ocrx_word' id='word_1_279' title='bbox 241 3727 325 3790; x_wconf 90' lang='lat' dir='ltr'>terra</span> <span class='ocrx_word' id='word_1_280' title='bbox 346 3726 445 3803; x_wconf 90' lang='lat' dir='ltr'>nohis,</span> <span class='ocrx_word' id='word_1_281' title='bbox 467 3725 582 3790; x_wconf 92' lang='lat' dir='ltr'>christo</span> <span class='ocrx_word' id='word_1_282' title='bbox 550 3725 680 3802; x_wconf 87' lang='lat' dir='ltr'>teins,</span> <span class='ocrx_word' id='word_1_283' title='bbox 702 3744 834 3809; x_wconf 87' lang='lat' dir='ltr'>regnum</span> <span class='ocrx_word' id='word_1_284' title='bbox 856 3730 888 3791; x_wconf 90' lang='lat' dir='ltr'>et</span> <span class='ocrx_word' id='word_1_285' title='bbox 909 3728 1076 3826; x_wconf 86' lang='lat' dir='ltr'>imperium</span> <span class='ocrx_word' id='word_1_286' title='bbox 1097 3729 1269 3810; x_wconf 88' lang='lat' dir='ltr'>regendum</span> <span class='ocrx_word' id='word_1_287' title='bbox 1291 3729 1418 3794; x_wconf 80' lang='lat' dir='ltr'>commi-</span> 
     </span>
     <span class='ocr_line' id='line_1_36' title="bbox 241 3811 1417 3896; baseline 0.003 -20"><span class='ocrx_word' id='word_1_288' title='bbox 241 3812 332 3888; x_wconf 91' lang='lat' dir='ltr'>serit,</span> <span class='ocrx_word' id='word_1_289' title='bbox 368 3817 399 3874; x_wconf 91' lang='lat' dir='ltr'>et</span> <span class='ocrx_word' id='word_1_290' title='bbox 426 3829 536 3894; x_wconf 89' lang='lat' dir='ltr'>pacem</span> <span class='ocrx_word' id='word_1_291' title='bbox 565 3811 785 3876; x_wconf 86' lang='lat' dir='ltr'>aecclesiarum</span> <span class='ocrx_word' id='word_1_292' title='bbox 813 3813 1027 3896; x_wconf 90' lang='lat' dir='ltr'>imperialibus</span> <span class='ocrx_word' id='word_1_293' title='bbox 1058 3815 1152 3878; x_wconf 88' lang='lat' dir='ltr'>armis</span> <span class='ocrx_word' id='word_1_294' title='bbox 1175 3815 1417 3879; x_wconf 87' lang='lat' dir='ltr'>conservandam</span> 
     </span>
     <span class='ocr_line' id='line_1_37' title="bbox 241 3897 1418 3983; baseline 0.003 -21"><span class='ocrx_word' id='word_1_295' title='bbox 241 3897 437 3974; x_wconf 84' lang='lat' dir='ltr'>ordinaverit,</span> <span class='ocrx_word' id='word_1_296' title='bbox 458 3917 521 3962; x_wconf 91' lang='lat' dir='ltr'>non</span> <span class='ocrx_word' id='word_1_297' title='bbox 536 3897 603 3961; x_wconf 91' lang='lat' dir='ltr'>sine</span> <span class='ocrx_word' id='word_1_298' title='bbox 616 3898 751 3962; x_wconf 84' lang='lat' dir='ltr'>maximo</span> <span class='ocrx_word' id='word_1_299' title='bbox 767 3898 870 3963; x_wconf 88' lang='lat' dir='ltr'>dolore</span> <span class='ocrx_word' id='word_1_300' title='bbox 885 3899 986 3964; x_wconf 87' lang='lat' dir='ltr'>cordis</span> <span class='ocrx_word' id='word_1_301' title='bbox 1001 3901 1147 3982; x_wconf 90' lang='lat' dir='ltr'>conqueri</span> <span class='ocrx_word' id='word_1_302' title='bbox 1162 3903 1303 3983; x_wconf 89' lang='lat' dir='ltr'>cogimur</span> <span class='ocrx_word' id='word_1_303' title='bbox 1325 3900 1418 3965; x_wconf 74' lang='lat' dir='ltr'>dilec</span> 
     </span>
     <span class='ocr_line' id='line_1_38' title="bbox 240 3983 1417 4070; baseline 0.004 -24"><span class='ocrx_word' id='word_1_304' title='bbox 240 3983 318 4048; x_wconf 89' lang='lat' dir='ltr'>tioui</span> <span class='ocrx_word' id='word_1_305' title='bbox 335 3989 466 4058; x_wconf 87' lang='lat' dir='ltr'>vestrae,</span> <span class='ocrx_word' id='word_1_306' title='bbox 488 3984 570 4065; x_wconf 94' lang='lat' dir='ltr'>qnod</span> <span class='ocrx_word' id='word_1_307' title='bbox 593 3983 733 4066; x_wconf 80' lang='lat' dir='ltr'>scopite</span> <span class='ocrx_word' id='word_1_308' title='bbox 755 3988 844 4048; x_wconf 88' lang='lat' dir='ltr'>sanct</span> <span class='ocrx_word' id='word_1_309' title='bbox 845 4003 882 4049; x_wconf 85' lang='lat' dir='ltr'>oe</span> <span class='ocrx_word' id='word_1_310' title='bbox 905 3986 1078 4063; x_wconf 90' lang='lat' dir='ltr'>aecclesiae,</span> <span class='ocrx_word' id='word_1_311' title='bbox 1101 4006 1150 4050; x_wconf 91' lang='lat' dir='ltr'>cur</span> <span class='ocrx_word' id='word_1_312' title='bbox 1142 3986 1310 4051; x_wconf 84' lang='lat' dir='ltr'>Christus</span> <span class='ocrx_word' id='word_1_313' title='bbox 1331 3987 1417 4070; x_wconf 88' lang='lat' dir='ltr'>pacis</span> 
     </span>
    </p>

    <p class='ocr_par' dir='ltr' id='par_1_6' title="bbox 240 4069 1480 4413">
     <span class='ocr_line' id='line_1_39' title="bbox 241 4069 1417 4154; baseline 0.004 -22.236"><span class='ocrx_word' id='word_1_314' title='bbox 241 4069 479 4134; x_wconf 86' lang='lat' dir='ltr'>aedileetionis</span> <span class='ocrx_word' id='word_1_315' title='bbox 512 4088 588 4134; x_wconf 90' lang='lat' dir='ltr'>suae</span> <span class='ocrx_word' id='word_1_316' title='bbox 616 4071 803 4134; x_wconf 87' lang='lat' dir='ltr'>caracterem</span> <span class='ocrx_word' id='word_1_317' title='bbox 833 4071 1007 4154; x_wconf 78' lang='lat' dir='ltr'>impressit,</span> <span class='ocrx_word' id='word_1_318' title='bbox 1040 4091 1152 4136; x_wconf 87' lang='lat' dir='ltr'>causae</span> <span class='ocrx_word' id='word_1_319' title='bbox 1179 4071 1417 4150; x_wconf 89' lang='lat' dir='ltr'>dissensionum,</span> 
     </span>
     <span class='ocr_line' id='line_1_40' title="bbox 241 4154 1416 4239; baseline 0.003 -20"><span class='ocrx_word' id='word_1_320' title='bbox 241 4155 443 4219; x_wconf 87' lang='lat' dir='ltr'>seminarium</span> <span class='ocrx_word' id='word_1_321' title='bbox 464 4156 627 4232; x_wconf 89' lang='lat' dir='ltr'>malorum,</span> <span class='ocrx_word' id='word_1_322' title='bbox 649 4154 788 4239; x_wconf 80' lang='lat' dir='ltr'>pestiferi</span> <span class='ocrx_word' id='word_1_323' title='bbox 809 4157 909 4221; x_wconf 92' lang='lat' dir='ltr'>morbi</span> <span class='ocrx_word' id='word_1_324' title='bbox 932 4176 1085 4222; x_wconf 88' lang='lat' dir='ltr'>venenum</span> <span class='ocrx_word' id='word_1_325' title='bbox 1107 4176 1234 4222; x_wconf 90' lang='lat' dir='ltr'>manare</span> <span class='ocrx_word' id='word_1_326' title='bbox 1255 4158 1416 4232; x_wconf 76' lang='lat' dir='ltr'>videntur,</span> 
     </span>
     <span class='ocr_line' id='line_1_41' title="bbox 242 4241 1480 4326; baseline 0.002 -22"><span class='ocrx_word' id='word_1_327' title='bbox 242 4241 417 4322; x_wconf 92' lang='lat' dir='ltr'>dequibus,</span> <span class='ocrx_word' id='word_1_328' title='bbox 437 4242 498 4304; x_wconf 88' lang='lat' dir='ltr'>nisr</span> <span class='ocrx_word' id='word_1_329' title='bbox 489 4241 597 4305; x_wconf 84' lang='lat' dir='ltr'>&#39;Deus</span> <span class='ocrx_word' id='word_1_330' title='bbox 613 4247 741 4317; x_wconf 77' lang='lat' dir='ltr'>avertat,</span> <span class='ocrx_word' id='word_1_331' title='bbox 764 4245 811 4306; x_wconf 85' lang='lat' dir='ltr'>tot</span> <span class='ocrx_word' id='word_1_332' title='bbox 812 4261 867 4306; x_wconf 91' lang='lat' dir='ltr'>um</span> <span class='ocrx_word' id='word_1_333' title='bbox 882 4263 993 4326; x_wconf 89' lang='lat' dir='ltr'>corpus</span> <span class='ocrx_word' id='word_1_334' title='bbox 1010 4243 1174 4307; x_wconf 89' lang='lat' dir='ltr'>aecclesiae</span> <span class='ocrx_word' id='word_1_335' title='bbox 1190 4244 1417 4318; x_wconf 88' lang='lat' dir='ltr'>commaculari,</span> <span class='ocrx_word' id='word_1_336' title='bbox 1477 4257 1480 4264; x_wconf 87' lang='grc'>’</span> 
     </span>
     <span class='ocr_line' id='line_1_42' title="bbox 240 4327 1419 4413; baseline 0.003 -23"><span class='ocrx_word' id='word_1_337' title='bbox 240 4327 395 4392; x_wconf 62' lang='lat' dir='ltr'>aruntem</span> <span class='ocrx_word' id='word_1_338' title='bbox 423 4327 536 4405; x_wconf 90' lang='lat' dir='ltr'>scindi,</span> <span class='ocrx_word' id='word_1_339' title='bbox 563 4327 645 4391; x_wconf 90' lang='lat' dir='ltr'>inter</span> <span class='ocrx_word' id='word_1_340' title='bbox 673 4346 804 4410; x_wconf 89' lang='lat' dir='ltr'>regnum</span> <span class='ocrx_word' id='word_1_341' title='bbox 833 4331 865 4392; x_wconf 90' lang='lat' dir='ltr'>et</span> <span class='ocrx_word' id='word_1_342' title='bbox 892 4329 1099 4393; x_wconf 89' lang='lat' dir='ltr'>sacerdotium</span> <span class='ocrx_word' id='word_1_343' title='bbox 1128 4329 1242 4393; x_wconf 77' lang='lat' dir='ltr'>sdsma</span> <span class='ocrx_word' id='word_1_344' title='bbox 1263 4329 1328 4393; x_wconf 88' lang='lat' dir='ltr'>fieri</span> <span class='ocrx_word' id='word_1_345' title='bbox 1349 4348 1419 4413; x_wconf 92' lang='lat' dir='ltr'>per·</span> 
     </span>
    </p>
   </div>
   <div class='ocr_carea' id='block_1_6' title="bbox 311 4511 1147 4585">
    <p class='ocr_par' dir='ltr' id='par_1_7' title="bbox 311 4511 1147 4585">
     <span class='ocr_line' id='line_1_43' title="bbox 311 4511 1147 4585; baseline 0.004 -20"><span class='ocrx_word' id='word_1_346' title='bbox 311 4514 338 4579; x_wconf 83' lang='lat' dir='ltr'>a)</span> <span class='ocrx_word' id='word_1_347' title='bbox 357 4511 420 4568; x_wconf 78' lang='lat' dir='ltr'>cod.</span> <span class='ocrx_word' id='word_1_348' title='bbox 437 4512 530 4568; x_wconf 73' lang='lat' dir='ltr'>Vina:</span> <span class='ocrx_word' id='word_1_349' title='bbox 549 4511 603 4567; x_wconf 82' lang='lat' dir='ltr'>alia</span> <span class='ocrx_word' id='word_1_350' title='bbox 620 4514 764 4585; x_wconf 69' lang='lat' dir='ltr'>quaedam</span> <span class='ocrx_word' id='word_1_351' title='bbox 782 4514 811 4585; x_wconf 89' lang='lat' dir='ltr'>b)</span> <span class='ocrx_word' id='word_1_352' title='bbox 830 4513 894 4569; x_wconf 85' lang='lat' dir='ltr'>cod.</span> <span class='ocrx_word' id='word_1_353' title='bbox 913 4512 1008 4568; x_wconf 80' lang='lat' dir='ltr'>vind:</span> <span class='ocrx_word' id='word_1_354' title='bbox 1026 4513 1098 4567; x_wconf 85' lang='lat' dir='ltr'>velut</span> <span class='ocrx_word' id='word_1_355' title='bbox 1115 4512 1147 4569; x_wconf 87' lang='lat' dir='ltr'>si.</span> 
     </span>
    </p>
   </div>
   <div class='ocr_carea' id='block_1_7' title="bbox 0 0 1814 5284">
    <p class='ocr_par' dir='ltr' id='par_1_8' title="bbox 0 0 1814 5284">
     <span class='ocr_line' id='line_1_44' title="bbox 0 0 1814 5284; baseline 0 0"><span class='ocrx_word' id='word_1_356' title='bbox 0 0 1814 5284; x_wconf 95' lang='lat' dir='ltr'> </span> 
     </span>
    </p>
   </div>
  </div>
 </body>
</html>
