3617 5284
1396 553 1458 617 153

277 721 448 786 cardinales
475 722 719 799 retrocedentes,
750 723 783 785 in
806 725 946 786 castrum
975 722 1057 785 beati
1079 723 1164 786 Petri
1194 741 1227 786 se
1258 723 1458 788 contulerunt

277 808 382 890 ibique
402 828 458 892 per
480 808 545 873 dies
560 811 628 874 ooto
651 815 683 874 et
704 807 838 891 amplius
858 807 971 871 inclusi
994 811 1241 890 permanserunt.
1274 807 1350 873 Inde
1372 813 1458 892 post

278 893 406 959 modum
439 913 495 977 per
523 899 681 959 senatores
710 894 828 970 educti,
856 897 943 958 entra
974 893 1093 958 Urbem
1122 897 1317 959 secesserunt
1345 897 1377 958 et
1408 897 1457 958 12.

278 982 387 1062 postea
413 979 477 1056 die,
501 980 584 1062 qnod
612 1001 632 1045 a
660 980 764 1044 seculo
793 998 855 1043 non
883 981 933 1044 est
954 977 1111 1056 auditum,
1140 981 1173 1043 in
1202 982 1303 1045 castro
1332 981 1458 1045 nomine

279 1065 428 1142 Gistema,
450 1065 535 1130 intra
549 1066 681 1130 lutiam
703 1070 735 1130 et
749 1066 955 1141 Terracinam,
976 1064 1155 1129 Rolaudum
1170 1065 1389 1131 cancellarium
1410 1066 1458 1131 in-

277 1154 499 1215 mantaverunt
521 1156 553 1215 et
567 1153 599 1216 iu
614 1153 758 1234 sequenti
780 1150 935 1216 dominica
958 1153 1222 1216 consecraverunt.
1252 1155 1297 1216 Ao
1311 1152 1458 1217 continuo

278 1236 439 1302 mittentes
460 1238 591 1301 nuncios
605 1256 660 1322 per
677 1239 857 1302 nniversam
870 1237 1004 1312 Italiam,
1028 1236 1187 1321 episeopis,
1210 1257 1249 1302 ne
1272 1237 1311 1302 ad
1334 1257 1458 1303 conseo-

277 1322 429 1387 rationem
445 1323 541 1387 nostri
564 1325 654 1388 electi
668 1323 818 1401 uenirent,
840 1323 966 1406 penitus
981 1321 1204 1399 dissuaserunt,
1226 1323 1381 1388 minantes
1395 1324 1457 1388 illis

278 1409 625 1473 excommunicationem
655 1414 687 1474 et
716 1408 940 1492 depositionem
969 1408 1002 1472 in
1024 1412 1219 1493 perpetuum.
1263 1407 1324 1488 Qui
1352 1414 1457 1474 tamen

277 1496 310 1559 in
341 1494 443 1578 prima
474 1493 628 1560 domhiica
658 1497 777 1560 mensis
811 1493 953 1559 Octobris
987 1495 1173 1564 auctoritate
1207 1495 1265 1560 Dei
1292 1495 1457 1560 honorifice

278 1583 476 1646 consecratus
504 1583 560 1645 est.

362 1667 443 1731 Rem
458 1667 593 1748 qualiter
606 1667 689 1731 facta
704 1669 761 1744 est,
776 1668 897 1731 restrae
913 1665 1101 1731 fraternitati
1123 1666 1357 1744 insinuavimus,
1380 1666 1457 1731 nihil

277 1755 400 1834 praeter
421 1752 586 1816 veritatem
608 1753 821 1827 adnectentes,
844 1755 944 1816 teste
967 1770 1007 1815 eo
1031 1752 1095 1834 qui
1117 1752 1203 1817 falli
1225 1773 1299 1817 uon
1320 1754 1457 1836 potest,

278 1839 314 1902 et
336 1839 370 1902 si
392 1839 563 1920 angelus
584 1837 627 1902 de
649 1840 760 1903 caelo
782 1837 894 1902 aliud
917 1837 1235 1919 euangelizaret,
1258 1839 1456 1903 averitate

277 1925 441 2006 penitus
478 1925 702 1988 aberraret
752 1923 977 1987 Verumtamen
1011 1924 1120 2001 multa,
1151 1943 1231 2006 quae
1264 1923 1346 1988 facta
1375 1931 1457 2002 sunt,

277 2009 470 2086 omittentes
491 2008 568 2086 ista,
589 2012 683 2092 prout
703 2009 828 2074 brevius
856 2028 1041 2092 possumus,
1063 2009 1148 2074 vobis
1172 2009 1396 2091 significamus,
1418 2031 1456 2074 ne

277 2094 439 2177 prolixiore
458 2095 572 2244 pagina
592 2114 682 2160 aures
699 2097 816 2160 vestras
839 2113 1047 2160 oneraremus.
1082 2095 1168 2160 Haeo
1189 2096 1295 2177 itaque
1318 2095 1457 2160 animad-

259 2183 379 2246 uertat
409 2201 464 2246 res
480 2200 515 2246 ra
543 2181 736 2258 fraternitas,
770 2200 867 2263 qnam
898 2179 1097 2246 devotissime
1129 2182 1326 2246 obsecramus
1349 2184 1381 2245 et
1403 2181 1457 2246 ad·

279 2285 441 2331 monemus
474 2269 506 2331 et
539 2268 640 2332 modis
674 2267 818 2331 omnihus
850 2267 963 2348 quibus
998 2285 1165 2350 possumus
1196 2268 1395 2332 exhortamur
1424 2267 1455 2330 in

278 2351 425 2428 Domino,
456 2354 605 2435 quatinus
632 2372 734 2435 neque
763 2371 819 2436 per
841 2371 1017 2417 sermonem
1038 2370 1140 2434 neque
1170 2371 1226 2436 per
1248 2353 1410 2436 epistolam
1438 2373 1457 2416 a

277 2442 379 2502 vestro
408 2457 502 2503 sensu
529 2439 732 2516 moveamini,
761 2438 870 2504 sedin
892 2437 1023 2503 veritate
1045 2437 1209 2503 nobiscnm
1234 2439 1315 2502 firmi
1346 2441 1378 2504 et
1398 2439 1457 2502 im-

280 2523 409 2588 mobiles
430 2525 650 2607 permaneatis.

365 2617 438 2681 llber
462 2627 505 2681 die
529 2629 690 2696 sogenannte
722 2626 999 2694 Versohwbrung
1026 2625 1161 2680 Hadriana
1179 2625 1225 2680 IV.
1251 2625 1305 2680 und
1324 2625 1371 2680 der
1389 2626 1458 2679 anti-

279 2697 418 2751 lraiserlieh
432 2698 725 2764 gosiuntenKardintle
743 2715 779 2751 zu
798 2697 946 2764 Anagni,
966 2698 1013 2751 aul
1028 2696 1121 2751 Grund
1134 2696 1296 2751 waleherdie
1307 2696 1458 2750 Viktoriner

278 2767 329 2821 den
347 2769 590 2823 alexandrinisehen
608 2768 769 2822 Kardinblen
794 2767 845 2822 den
861 2767 1009 2822 Charahtsr
1034 2767 1079 2822 der
1103 2768 1191 2822 sanior
1208 2785 1270 2837 pars
1295 2769 1343 2820 abs
1361 2767 1457 2820 rathen

279 2855 304 2892 u.
322 2855 373 2892 nur
391 2839 441 2893 deu
460 2839 506 2893 der
517 2841 600 2893 maior
617 2856 679 2910 pars
696 2839 882 2905 zuerlranntsn,
901 2838 997 2892 welche
1006 2838 1213 2906 Versohwbrung
1231 2839 1279 2891 aui
1289 2785 1458 2892 derlhveser

279 2908 382 2976 Synode
400 2910 541 2964 besonders
559 2909 802 2977 ausschlaggebend
821 2925 883 2974 war,
902 2909 970 2962 anch
987 2909 1061 2963 einen
1072 2909 1208 2963 Eberhard
1221 2926 1244 2963 r.
1263 2909 1395 2976 Bamberg
1413 2925 1458 2961 nur

278 2979 421 3050 Reception
434 2981 543 3034 Viktors
560 2981 716 3043 uermochte,
734 2979 832 3034 welche
850 2980 934 3034 selbst
946 2979 1051 3034 Gerhoh
1069 2979 1127 3033 eine
1145 2979 1203 3034 Zeit
1220 2979 1284 3048 lang
1301 2978 1457 3032 schwanlren

279 3049 349 3112 liess,
367 3050 427 3103 sind
445 3067 536 3105 ausser
553 3051 644 3119 obiger
654 3051 735 3105 Stella
753 3051 790 3105 im
808 3049 950 3104 Schreibon
969 3051 1016 3104 der
1030 3049 1182 3104 Viktoriner
1199 3049 1319 3118 folgende
1338 3048 1458 3115 Quellen·

278 3120 372 3174 stallen
391 3138 423 3174 uu
441 3121 621 3190 vergleichen:

366 3191 456 3244 Emtae
475 3191 614 3245 Schreiben
633 3191 795 3246 VilrtorslV.
815 3208 872 3246 vom
891 3196 934 3247 28.
945 3189 1061 3246 Olrtober
1076 3195 1142 3246 1159
1160 3195 1193 3257 (s.
1204 3192 1309 3260 obertu
1329 3190 1356 3244 Si
1369 3194 1457 3245 autem

278 3277 309 3313 ex
327 3265 403 3330 parte
422 3262 494 3316 illins
511 3262 625 3315 Rolandi
661 3262 774 3315 nondam
792 3263 951 3328 cancellarii,
970 3279 1016 3332 per
1033 3263 1252 3333 conspirationem
1272 3265 1300 3317 et
1317 3261 1457 3316 coniurati·

277 3347 352 3385 onem
370 3336 463 3386 contra
479 3332 631 3387 aecclesiam
675 3332 699 3386 ei
717 3336 745 3386 ot
762 3333 899 3403 imperium
909 3332 1146 3387 WilhelmoSimrlo
1166 3333 1278 3401 astricti,
1297 3332 1393 3389 ...ad
1411 3349 1457 3386 uos

277 3401 377 3472 scripta
394 3404 566 3473 pervenerint,
580 3443 587 3457 .
600 3444 607 3459 .
621 3445 627 3458 .
645 3404 785 3474 respuatis.

366 3475 476 3528 Zweites
485 3473 626 3528 Sohreiben
634 3473 743 3527 Vilrtors
752 3474 797 3528 IV.
817 3474 959 3542 (Livoroni,
973 3473 1094 3545 Spieileg.
1111 3474 1137 3530 S.
1145 3476 1223 3545 763)ι
1242 3475 1353 3529 vivente
1371 3475 1458 3528 adhuc

277 3561 346 3666 papa
355 3543 480 3610 Adriano,
499 3545 569 3615 quod
579 3547 622 3599 est
634 3545 754 3598 anditum
768 3545 900 3610 horribile,
920 3545 1121 3599 coniuraverunt
1136 3549 1164 3600 ot
1176 3563 1256 3600 uniam
1270 3545 1302 3600 da
1313 3545 1457 3600 coniuratis

287 3618 375 3668 aetum
394 3616 446 3670 sibi
461 3632 557 3686 papam
568 3615 771 3683 constituerunt,
791 3616 882 3670 foedus
900 3619 928 3669 et
946 3616 1097 3669 societatem
1116 3633 1175 3670 erun
1187 3617 1274 3671 b'ieulo
1293 3619 1321 3670 et
1333 3617 1458 3670 Mediola-

278 3687 402 3740 nensibus
413 3686 607 3754 ‹nntrahentes‚
620 3687 840 3756 quemadmodum
883 3703 897 3739 r
908 3686 1081 3740 intrusionem
1093 3687 1176 3756 ipsius
1187 3687 1312 3742 Rollandi
1324 3688 1457 3742 evidenter

277 3757 400 3826 apparuit
417 3761 445 3811 et
462 3757 540 3811 hodie
571 3757 628 3824 (der
646 3757 721 3810 Briel
744 3757 782 3810 ist
799 3775 848 3810 uae
886 3757 932 3810 der
950 3757 1062 3811 Pareser
1079 3757 1182 3826 Synode
1199 3757 1379 3826 goschrieheu)
1411 3774 1457 3827 per

277 3827 348 3896 ipsos
375 3828 552 3882 coniuratores
579 3831 608 3881 et
632 3845 679 3897 per
703 3827 803 3898 scripta
830 3828 863 3881 ab
889 3827 928 3882 eis
956 3827 988 3881 de
1015 3827 1106 3882 eadem
1134 3828 1312 3883 coniuratione
1339 3829 1457 3882 conlecta

277 3897 490 3951 manifestissime
507 3899 682 3969 perclaresoit

365 3968 506 4023 Sohreiben
524 3969 571 4022 der
588 3968 749 4022 Domherren
768 3985 791 4022 v.
812 3968 851 4023 St
863 3968 943 4022 Peter
961 3985 994 4022 an
1013 3969 1055 4024 die
1072 3969 1185 4024 Paresar
1202 3969 1319 4039 Synode:
1338 3970 1457 4023 Domnus

278 4037 414 4093 Rolandus
432 4042 460 4092 et
477 4038 523 4108 qui
541 4039 574 4104 ei,
593 4039 687 4092 sicut
705 4038 870 4092 dieebatn
880 4056 901 4106 r,
920 4039 1067 4094 iuramento
1085 4044 1161 4094 erant
1179 4041 1291 4094 astricti.

364 4108 443 4163 Actio
461 4109 570 4163 Consilii
589 4109 761 4178 (Pariensislz
778 4108 912 4164 Johannes
931 4110 963 4164 de
975 4109 1072 4164 Sancto
1084 4110 1217 4182 Stephano
1232 4114 1260 4165 et
1270 4111 1457 4166 Wollrammus

278 4179 351 4244 (zuei
360 4183 424 4234 rbm.
435 4179 578 4245 Notaheln)
592 4179 692 4246 dieunt,
705 4197 733 4233 se
745 4179 885 4246 audivisse,
897 4181 968 4250 quod
981 4198 1050 4262 papa
1060 4180 1193 4235 Adrianus
1206 4181 1274 4236 dixit
1287 4182 1321 4235 ad
1333 4199 1385 4247 eos,
1397 4198 1455 4236 oum

278 4250 310 4303 de
323 4250 387 4303 urbe
398 4250 495 4304 exiret:
515 4248 702 4316 ‚Octavianns‘,
719 4251 747 4304 in
766 4250 816 4317 uit,
835 4268 920 4321 ,quem
932 4268 980 4319 ego
993 4251 1053 4304 misi
1064 4251 1092 4305 in
1105 4253 1322 4320 longobardiam,
1341 4253 1399 4307 rnlt
1415 4269 1457 4306 ex-

278 4320 700 4386 communicarehlediolanenses3
719 4267 766 4374 sea
785 4337 833 4390 ego
851 4321 975 4376 mandavi
985 4321 1233 4389 Mediolanensibus,
1251 4327 1283 4376 ut
1300 4340 1352 4377 non
1364 4328 1457 4377 curent

278 4391 310 4445 de
328 4407 367 4459 eo,
385 4391 432 4445 sed
449 4390 554 4445 fortiter
571 4407 600 4444 se
617 4391 734 4446 habeant
751 4394 807 4445 tam
825 4391 877 4463 ipsi
895 4409 975 4462 quam
993 4393 1143 4447 Brixienses
1161 4396 1254 4448 eontra
1262 4395 1454 4464 imperatorem,

277 4465 306 4516 et
323 4478 372 4530 ego
389 4479 449 4516 enin
473 4461 512 4516 eis
530 4461 656 4531 disposui,
683 4462 753 4532 quod
780 4462 923 4533 imperator
950 4467 1057 4534 propter
1082 4480 1171 4518 eorum
1189 4464 1378 4536 impedimenta
1404 4483 1454 4519 non
