3617 5284
384 589 427 653 20

384 762 441 836 eet,
462 759 621 840 integrum
634 759 667 822 et
682 759 799 839 absque
814 757 1020 822 diminutione
1044 758 1138 838 atque
1154 755 1336 819 difficultate
1352 755 1457 838 aliqua
1471 755 1563 820 redu·

384 849 482 909 catur.
520 844 638 909 Salvo
654 843 1007 925 tamensemperin
1023 839 1203 906 omnibus
1226 841 1401 905 eiusdem
1423 845 1565 905 sancte

385 932 562 995 Romane
584 929 754 994 ecclesie
776 930 863 993 iure
878 927 1195 1012 aeproprietate.
1217 927 1337 991 Datum
1351 927 1496 991 Laterani
1513 927 1565 990 VI.
1656 965 1661 974 ·

388 1016 464 1080 Idus
485 1016 578 1080 Iunii.

871 1155 1081 1163 ——-——-

387 1282 444 1368 ΙΙΙ.
462 1283 550 1369 lirici
561 1282 621 1368 itt
634 1282 814 1369 leminis
825 1305 883 1369 rou
896 1284 1061 1371 dicineus
1078 1305 1118 1368 au
1132 1280 1431 1367 laiserlotlarlll.
1442 1280 1563 1380 iberi

637 1411 750 1482 ibligne,
768 1411 919 1481 Patrologie
938 1412 1036 1467 Cursus
1055 1411 1084 1467 T.
1107 1415 1165 1478 182,
1184 1427 1223 1464 nr.
1246 1410 1314 1480 139.)

473 1541 620 1606 Lethario
642 1541 702 1605 Dei
724 1542 825 1623 gratia
837 1542 980 1607 Romano
1002 1541 1181 1624 imperatori
1202 1540 1354 1621 Augusto,
1382 1537 1562 1602 Bernardus

388 1626 483 1690 abbas
504 1625 606 1690 dictus
628 1626 667 1690 de
689 1627 892 1705 Clara-Valle,
916 1627 942 1692 si
964 1626 1040 1709 quid
1061 1627 1165 1709 potest
1185 1624 1354 1708 peccatoris
1376 1623 1481 1688 oratio.

473 1711 661 1776 Benedictus
694 1712 793 1789 Deus,
830 1713 885 1794 qui
919 1731 974 1776 vos
1010 1712 1104 1794 elegit
1138 1713 1170 1775 et
1199 1710 1295 1774 erexit
1327 1728 1423 1774 comu
1455 1707 1565 1772 salutis

388 1796 492 1874 nobis,
521 1796 560 1860 ed
582 1797 708 1861 laudem
730 1800 762 1860 et
784 1799 915 1879 gloriam
935 1797 1070 1861 nominis
1093 1797 1141 1861 sui
1164 1798 1196 1860 et
1217 1795 1424 1878 reparandum
1446 1793 1566 1876 imperii

388 1881 491 1959 decus,
514 1881 553 1945 ad
568 1883 814 1946 subveniendum
828 1883 985 1947 Ecclesiae
1001 1901 1075 1946 suae
1090 1883 1123 1946 in
1138 1885 1277 1964 tempore
1298 1881 1389 1956 malo,
1411 1881 1566 1962 postremo

390 1967 429 2030 ad
452 1968 643 2050 operandum
665 1969 761 2032 etiam
781 1987 866 2032 nuno
887 1969 1023 2033 salutem
1044 1968 1077 2031 in
1105 1967 1207 2031 medio
1239 1969 1349 2030 terrae.
1391 1965 1495 2047 Ipsius
1518 1967 1567 2027 est

389 2053 473 2116 enim
495 2072 587 2134 opus,
618 2053 701 2134 quod
723 2071 835 2118 corona
856 2054 971 2135 gloriae
993 2055 1113 2117 vestrae
1135 2053 1181 2115 ita
1201 2052 1233 2115 in
1256 2051 1321 2115 dies
1344 2051 1512 2132 ampliatur
1533 2053 1566 2113 et

390 2138 591 2215 sublimatur,
617 2139 799 2204 mirabiliter
827 2157 968 2204 crescens
997 2158 1033 2203 ac
1060 2139 1221 2221 proficiens
1243 2137 1275 2199 in
1297 2137 1382 2200 omni
1404 2135 1512 2200 decore
1534 2139 1567 2198 et

389 2223 618 2304 magnificentia
639 2224 722 2307 apud
736 2225 839 2288 Deum
862 2229 894 2288 et
907 2224 1057 2289 homines.
1094 2223 1197 2306 Ipsius
1211 2222 1346 2305 proiecto
1368 2240 1468 2304 nuper
1489 2239 1566 2304 opus

389 2311 421 2372 et
442 2309 541 2372 virtus
563 2309 637 2386 init,
664 2309 747 2391 quod
775 2311 836 2374 iter
866 2311 943 2375 satis
971 2310 1159 2374 laboriosum
1188 2313 1220 2372 et
1247 2308 1482 2383 meticulosum,
1511 2325 1566 2389 pro

388 2413 463 2476 paee
485 2395 572 2476 regni
595 2399 627 2458 et
647 2396 804 2460 Ecclesiae
826 2396 1006 2460 liberatione
1030 2399 1225 2478 susceptum,
1247 2394 1280 2456 in
1302 2395 1392 2457 tauta
1412 2393 1568 2476 prosperi-

390 2483 454 2543 tate
482 2480 715 2564 peregietis.**)
770 2482 887 2545 Romae
918 2482 1071 2563 siquidem
1099 2479 1266 2563 imperialis
1295 2479 1438 2543 culminis
1468 2479 1566 2562 pleni-

348 2587 353 2595 ·
389 2565 531 2629 tudinem
553 2566 772 2648 gloriosissime
794 2570 965 2644 assecutus,
987 2567 1090 2649 idque,
1111 2566 1193 2648 quod
1208 2567 1310 2630 maius
1326 2565 1393 2642 luit,
1414 2565 1447 2628 in
1469 2583 1565 2628 manu

390 2669 453 2714 non
466 2670 588 2732 magna
611 2655 648 2716 ut
670 2653 766 2716 animi
786 2653 921 2735 fideique
943 2652 1125 2734 magnitudo
1147 2651 1259 2716 clarius
1282 2651 1439 2716 emineret
1476 2649 1566 2729 Quod

390 2736 417 2800 si
445 2739 518 2800 ante
547 2737 706 2801 tantillum
738 2738 907 2802 exercitum
936 2741 1021 2802 terra
1048 2737 1177 2802 tremuit
1209 2740 1242 2801 et
1270 2735 1401 2819 quievit,
1429 2737 1566 2817 quantus

390 2824 538 2904 putamus
560 2822 668 2886 horror
689 2823 827 2888 hostium
848 2822 941 2888 eorda
955 2821 1099 2887 invadere
1122 2823 1243 2898 habeat,
1265 2839 1337 2886 cum
1359 2820 1493 2903 coeperit
1514 2838 1567 2884 rer

390 2905 554 2988 procedere
581 2906 614 2969 in
641 2907 857 2990 magnitudine
886 2908 1004 2973 brachii
1033 2909 1103 2972 sui?
1146 2906 1306 2972 animabit
1335 2906 1404 2970 insu
1428 2911 1474 2970 er'
1491 2905 1568 2968 hon·

390 2994 482 3055 nesta
521 3000 659 3068 eausa⁸);
697 2994 760 3057 imo
801 2993 914 3076 duplex
945 2993 1123 3078 provocabit
1154 2991 1332 3056 necessitas.
1424 3009 1470 3054 on
1503 2993 1568 3053 est

390 3095 512 3140 meum
534 3077 690 3141 hortari
713 3079 758 3142 ad
778 3098 970 3162 pugnam
994 3081 1207 3143 esttamen
1229 3115 1271 3124 -
1294 3095 1421 3141 securus
1443 3075 1509 3140 dico
1526 3113 1566 3120 -

391 3161 578 3226 advocati
606 3163 814 3228 Ecclesiae
843 3183 982 3229 arcere
1012 3165 1056 3229 eb
1078 3163 1282 3228 Ecclesiae
1305 3161 1567 3226 infestatione

391 3247 745 3314 schismaticorum
772 3249 939 3324 rabiem,
969 3252 1030 3314 est
1053 3249 1241 3315 Caesaris
1263 3247 1462 3331 propriam
1484 3247 1568 3310 rin-

391 3333 521 3397 dioare
551 3352 734 3399 coronam
756 3336 802 3400 ab
824 3331 1068 3418 usurpatore
1093 3334 1237 3399 Siculo.
1281 3333 1334 3398 Ut
1356 3332 1457 3396 enim
1480 3351 1567 3396 oon-

390 3421 474 3483 stat
504 3418 707 3484 Iudaicam
740 3421 997 3504 eubolem***)
1031 3421 1163 3484 sedem
1201 3419 1311 3482 Petri
1343 3418 1379 3482 in
1413 3417 1567 3483 Christi

390 3522 611 3586 occupasse
644 3505 827 3580 inuriam;
861 3506 918 3570 sic
945 3507 1081 3590 procul
1110 3505 1227 3569 dubio
1258 3504 1394 3580 omnis,
1427 3504 1495 3586 qui
1528 3504 1566 3566 in

392 3589 538 3653 Sicilia
558 3608 688 3671 regem
709 3611 750 3656 se
771 3591 886 3668 iacit,
910 3591 1162 3656 contradicit
1182 3589 1352 3655 Caesari.

478 3673 512 3738 Si
527 3677 633 3739 eumin
650 3680 820 3758 utrumque
841 3676 995 3741 incumbit
1010 3676 1142 3752 Caesari,
1164 3676 1328 3739 restituere
1350 3674 1466 3739 seilicet
1488 3693 1568 3756 quae

391 3762 466 3823 sunt
488 3759 629 3824 Caesaris
651 3761 789 3840 Caesari,
818 3771 850 3826 et
872 3781 953 3844 quae
976 3765 1051 3827 sunt
1071 3762 1128 3825 Dei
1151 3761 1231 3838 Deo,
1261 3779 1316 3824 cur
1339 3760 1419 3844 apud
1442 3760 1569 3823 'lullum

390 3864 441 3908 res
469 3845 528 3909 Dei
559 3847 724 3926 minuitur,
757 3867 830 3912 cum
859 3847 974 3913 Caesar
1001 3848 1079 3912 nihil
1108 3847 1150 3910 ibi
1180 3847 1340 3911 lucretur?
1389 3845 1569 3910 Verendum

391 4105 410 4159 h
462 4040 487 4098 a)
510 4035 639 4090 Mabillon
667 4035 786 4090 schreibt
808 4035 934 4090 honestae
958 4051 1060 4090 causae.
1097 4033 1215 4103 Mdglich
1241 4033 1279 4086 ist
1303 4032 1370 4087 auch
1394 4033 1437 4087 die
1461 4033 1570 4088 Ieeeart

410 4109 516 4161 onastee
537 4123 641 4160 causae.

481 4177 506 4245 *)
524 4167 596 4231 liber
614 4176 664 4231 den
683 4177 720 4231 bl.
732 4175 871 4230 Bernhard
888 4194 913 4230 v.
927 4175 1065 4232 Clsirvaux
1084 4192 1104 4229 s.
1124 4176 1208 4228 neben
1227 4173 1273 4228 der
1291 4175 1391 4228 tlteren
1405 4172 1566 4243 Biographie

392 4263 415 4300 v.
435 4246 558 4301 Neander
576 4247 618 4301 die
636 4247 751 4301 Sehrii’t:
769 4247 871 4312 Hliffer,
890 4247 937 4301 der
955 4246 991 4300 hl.
1012 4245 1149 4302 Bernhard
1169 4263 1191 4298 v.
1210 4244 1357 4311 Clairuaux,
1376 4244 1398 4298 1.
1412 4243 1461 4298 Bd.
1483 4249 1566 4307 1886,

391 4315 479 4383 Thiel,
504 4317 556 4371 Die
573 4319 648 4387 polit
671 4317 828 4385 Thaugkeie
851 4317 897 4371 des
920 4317 1005 4372 Abies
1028 4316 1165 4371 Bemhard
1189 4333 1212 4369 v.
1239 4315 1390 4380 Clairraux3
1419 4313 1566 4378 Cheralier,

389 4386 463 4442 Hist
482 4387 516 4441 de
531 4387 571 4442 St
583 4388 717 4455 Bernard3
735 4387 903 4453 Vacandard,
922 4387 961 4441 St
974 4387 1094 4441 Bemard
1112 4391 1139 4440 et
1157 4387 1182 4439 le
1200 4385 1314 4439 schisme
1327 4385 1467 4439 d'Aueclot
1479 4385 1514 4438 ll.
1533 4401 1566 4438 en

388 4457 476 4511 ltalie.
500 4457 561 4526 Vgl.
574 4458 642 4512 auch
653 4458 773 4524 Nitzsclr,
792 4459 876 4513 Stant.
889 4458 1010 4523 Studien,
1035 4457 1127 4527 Sybels
1138 4457 1211 4510 Hist
1224 4455 1351 4511 Zeiteehr.
1364 4455 1414 4522 ΙΙΙ,
1433 4457 1460 4510 S.
1474 4459 1526 4509 328
1541 4455 1567 4508 ΙΙ.

392 4527 433 4597 **)
455 4532 478 4583 1.
495 4527 644 4599 Rdmerrug
660 4529 774 4584 Iothars
794 4533 940 4584 nea-33.
978 4529 1034 4594 sse)
1052 4528 1168 4582 Anaklet
1184 4525 1221 4581 ΙΙ.
