<?xml version="1.0" encoding="UTF-8"?>
<!DOCTYPE html PUBLIC "-//W3C//DTD XHTML 1.0 Transitional//EN"
    "http://www.w3.org/TR/xhtml1/DTD/xhtml1-transitional.dtd">
<html xmlns="http://www.w3.org/1999/xhtml" xml:lang="en" lang="en">
 <head>
  <title>
</title>
<meta http-equiv="Content-Type" content="text/html;charset=utf-8" />
  <meta name='ocr-system' content='tesseract 3.04.00' />
  <meta name='ocr-capabilities' content='ocr_page ocr_carea ocr_par ocr_line ocrx_word'/>
</head>
<body>
  <div class='ocr_page' id='page_1' title='image "./monumentagerman01dbgoog_0383.png"; bbox 0 0 3617 5284; ppageno 0'>
   <div class='ocr_carea' id='block_1_1' title="bbox 363 555 427 620">
    <p class='ocr_par' dir='ltr' id='par_1_1' title="bbox 363 555 427 620">
     <span class='ocr_line' id='line_1_1' title="bbox 363 555 427 620; baseline 0 0"><span class='ocrx_word' id='word_1_1' title='bbox 363 555 427 620; x_wconf 84' lang='grc'><strong>296</strong></span> 
     </span>
    </p>
   </div>
   <div class='ocr_carea' id='block_1_2' title="bbox 357 727 1542 2866">
    <p class='ocr_par' dir='ltr' id='par_1_2' title="bbox 361 727 1542 1137">
     <span class='ocr_line' id='line_1_2' title="bbox 363 727 1542 814; baseline 0.003 -23"><span class='ocrx_word' id='word_1_2' title='bbox 363 728 475 811; x_wconf 87' lang='lat' dir='ltr'>pedem</span> <span class='ocrx_word' id='word_1_3' title='bbox 497 747 596 792; x_wconf 91' lang='lat' dir='ltr'>unum</span> <span class='ocrx_word' id='word_1_4' title='bbox 617 731 713 811; x_wconf 90' lang='lat' dir='ltr'>ponat</span> <span class='ocrx_word' id='word_1_5' title='bbox 733 728 767 791; x_wconf 93' lang='lat' dir='ltr'>in</span> <span class='ocrx_word' id='word_1_6' title='bbox 788 727 839 793; x_wconf 91' lang='lat' dir='ltr'>via</span> <span class='ocrx_word' id='word_1_7' title='bbox 860 733 892 794; x_wconf 87' lang='lat' dir='ltr'>et</span> <span class='ocrx_word' id='word_1_8' title='bbox 913 727 991 796; x_wconf 82' lang='lat' dir='ltr'>falae</span> <span class='ocrx_word' id='word_1_9' title='bbox 1014 727 1062 793; x_wconf 95' lang='lat' dir='ltr'>vel</span> <span class='ocrx_word' id='word_1_10' title='bbox 1084 729 1199 806; x_wconf 90' lang='lat' dir='ltr'>oultro,</span> <span class='ocrx_word' id='word_1_11' title='bbox 1228 731 1383 810; x_wconf 90' lang='lat' dir='ltr'>quantum</span> <span class='ocrx_word' id='word_1_12' title='bbox 1411 729 1542 814; x_wconf 79' lang='lat' dir='ltr'>expedit,</span> 
     </span>
     <span class='ocr_line' id='line_1_3' title="bbox 363 813 1542 897; baseline 0.002 -20"><span class='ocrx_word' id='word_1_13' title='bbox 363 813 401 878; x_wconf 90' lang='lat' dir='ltr'>de</span> <span class='ocrx_word' id='word_1_14' title='bbox 429 813 571 896; x_wconf 83' lang='lat' dir='ltr'>frugibus</span> <span class='ocrx_word' id='word_1_15' title='bbox 600 816 718 879; x_wconf 89' lang='lat' dir='ltr'>reseoet</span> <span class='ocrx_word' id='word_1_16' title='bbox 744 821 776 878; x_wconf 90' lang='lat' dir='ltr'>et</span> <span class='ocrx_word' id='word_1_17' title='bbox 796 815 829 878; x_wconf 92' lang='lat' dir='ltr'>in</span> <span class='ocrx_word' id='word_1_18' title='bbox 850 815 901 880; x_wconf 90' lang='lat' dir='ltr'>via</span> <span class='ocrx_word' id='word_1_19' title='bbox 923 834 1039 897; x_wconf 88' lang='lat' dir='ltr'>equum</span> <span class='ocrx_word' id='word_1_20' title='bbox 1061 833 1155 879; x_wconf 90' lang='lat' dir='ltr'>suum</span> <span class='ocrx_word' id='word_1_21' title='bbox 1177 814 1296 879; x_wconf 88' lang='lat' dir='ltr'>relieiat</span> <span class='ocrx_word' id='word_1_22' title='bbox 1318 817 1350 878; x_wconf 90' lang='lat' dir='ltr'>et</span> <span class='ocrx_word' id='word_1_23' title='bbox 1370 815 1443 880; x_wconf 89' lang='lat' dir='ltr'>inde</span> <span class='ocrx_word' id='word_1_24' title='bbox 1464 815 1542 880; x_wconf 90' lang='lat' dir='ltr'>nihil</span> 
     </span>
     <span class='ocr_line' id='line_1_4' title="bbox 361 898 1539 989; baseline 0.002 -26"><span class='ocrx_word' id='word_1_25' title='bbox 361 898 399 963; x_wconf 88' lang='lat' dir='ltr'>de</span> <span class='ocrx_word' id='word_1_26' title='bbox 421 899 564 982; x_wconf 75' lang='lat' dir='ltr'><strong>frugibus</strong></span> <span class='ocrx_word' id='word_1_27' title='bbox 587 899 722 989; x_wconf 81' lang='lat' dir='ltr'>deterat;</span> <span class='ocrx_word' id='word_1_28' title='bbox 754 919 884 982; x_wconf 87' lang='lat' dir='ltr'>gramen</span> <span class='ocrx_word' id='word_1_29' title='bbox 913 921 975 966; x_wconf 90' lang='lat' dir='ltr'>non</span> <span class='ocrx_word' id='word_1_30' title='bbox 996 900 1128 974; x_wconf 87' lang='lat' dir='ltr'>ineidat,</span> <span class='ocrx_word' id='word_1_31' title='bbox 1159 900 1213 965; x_wconf 91' lang='lat' dir='ltr'>sed</span> <span class='ocrx_word' id='word_1_32' title='bbox 1241 901 1273 964; x_wconf 94' lang='lat' dir='ltr'>in</span> <span class='ocrx_word' id='word_1_33' title='bbox 1302 901 1369 984; x_wconf 88' lang='lat' dir='ltr'>ipso</span> <span class='ocrx_word' id='word_1_34' title='bbox 1399 902 1539 983; x_wconf 88' lang='lat' dir='ltr'>gramine</span> 
     </span>
     <span class='ocr_line' id='line_1_5' title="bbox 361 986 1539 1137; baseline 0.003 -88"><span class='ocrx_word' id='word_1_35' title='bbox 361 1004 478 1137; x_wconf 55' lang='lat' dir='ltr'>eqiffir</span> <span class='ocrx_word' id='word_1_36' title='bbox 499 1006 607 1135; x_wconf 55' lang='lat' dir='ltr'>roupi,</span> <span class='ocrx_word' id='word_1_37' title='bbox 638 987 721 1068; x_wconf 92' lang='lat' dir='ltr'>quod</span> <span class='ocrx_word' id='word_1_38' title='bbox 743 987 819 1051; x_wconf 90' lang='lat' dir='ltr'>satis</span> <span class='ocrx_word' id='word_1_39' title='bbox 842 989 898 1064; x_wconf 80' lang='lat' dir='ltr'>est,</span> <span class='ocrx_word' id='word_1_40' title='bbox 921 988 1075 1070; x_wconf 85' lang='lat' dir='ltr'>paseat.*)</span> <span class='ocrx_word' id='word_1_41' title='bbox 1120 986 1181 1064; x_wconf 79' lang='lat' dir='ltr'>Qui</span> <span class='ocrx_word' id='word_1_42' title='bbox 1204 987 1294 1052; x_wconf 87' lang='lat' dir='ltr'>aliter</span> <span class='ocrx_word' id='word_1_43' title='bbox 1316 986 1431 1064; x_wconf 79' lang='lat' dir='ltr'>feeerit,</span> <span class='ocrx_word' id='word_1_44' title='bbox 1454 988 1539 1071; x_wconf 88' lang='lat' dir='ltr'>paeie</span> 
     </span>
     <span class='ocr_line' id='line_1_6' title="bbox 361 1090 558 1136; baseline 0 -1"><span class='ocrx_word' id='word_1_45' title='bbox 361 1090 410 1136; x_wconf 82' lang='lat' dir='ltr'>vio</span> <span class='ocrx_word' id='word_1_46' title='bbox 475 1091 558 1136; x_wconf 89' lang='lat' dir='ltr'>ren</span> 
     </span>
    </p>

    <p class='ocr_par' dir='ltr' id='par_1_3' title="bbox 359 1158 1540 1670">
     <span class='ocr_line' id='line_1_7' title="bbox 446 1158 1536 1224; baseline 0.001 -3"><span class='ocrx_word' id='word_1_47' title='bbox 446 1160 496 1223; x_wconf 82' lang='lat'>21.</span> <span class='ocrx_word' id='word_1_48' title='bbox 518 1158 641 1223; x_wconf 87' lang='lat' dir='ltr'>Rustioi</span> <span class='ocrx_word' id='word_1_49' title='bbox 663 1171 695 1221; x_wconf 82' lang='lat' dir='ltr'>et</span> <span class='ocrx_word' id='word_1_50' title='bbox 716 1177 824 1223; x_wconf 91' lang='lat' dir='ltr'>eorum</span> <span class='ocrx_word' id='word_1_51' title='bbox 845 1158 1031 1224; x_wconf 86' lang='lat' dir='ltr'>eondioionis</span> <span class='ocrx_word' id='word_1_52' title='bbox 1045 1159 1104 1223; x_wconf 90' lang='lat' dir='ltr'>viri</span> <span class='ocrx_word' id='word_1_53' title='bbox 1119 1162 1206 1222; x_wconf 84' lang='lat' dir='ltr'>extra</span> <span class='ocrx_word' id='word_1_54' title='bbox 1219 1158 1308 1223; x_wconf 90' lang='lat' dir='ltr'>villas</span> <span class='ocrx_word' id='word_1_55' title='bbox 1324 1164 1435 1222; x_wconf 87' lang='lat' dir='ltr'>euntes</span> <span class='ocrx_word' id='word_1_56' title='bbox 1449 1159 1536 1222; x_wconf 91' lang='lat' dir='ltr'>nulla</span> 
     </span>
     <span class='ocr_line' id='line_1_8' title="bbox 361 1243 1540 1327; baseline 0.001 -19"><span class='ocrx_word' id='word_1_57' title='bbox 361 1262 449 1308; x_wconf 91' lang='lat' dir='ltr'>arma</span> <span class='ocrx_word' id='word_1_58' title='bbox 469 1247 575 1327; x_wconf 90' lang='lat' dir='ltr'>preter</span> <span class='ocrx_word' id='word_1_59' title='bbox 597 1244 715 1326; x_wconf 83' lang='lat' dir='ltr'>gladios</span> <span class='ocrx_word' id='word_1_60' title='bbox 737 1244 855 1321; x_wconf 82' lang='lat' dir='ltr'>ferant;</span> <span class='ocrx_word' id='word_1_61' title='bbox 885 1245 918 1307; x_wconf 91' lang='lat' dir='ltr'>in</span> <span class='ocrx_word' id='word_1_62' title='bbox 941 1244 1022 1308; x_wconf 90' lang='lat' dir='ltr'>villis</span> <span class='ocrx_word' id='word_1_63' title='bbox 1045 1249 1151 1309; x_wconf 87' lang='lat' dir='ltr'>autem</span> <span class='ocrx_word' id='word_1_64' title='bbox 1173 1261 1275 1326; x_wconf 90' lang='lat' dir='ltr'>neque</span> <span class='ocrx_word' id='word_1_65' title='bbox 1298 1243 1417 1326; x_wconf 85' lang='lat' dir='ltr'>gladios</span> <span class='ocrx_word' id='word_1_66' title='bbox 1439 1263 1540 1327; x_wconf 89' lang='lat' dir='ltr'>neque</span> 
     </span>
     <span class='ocr_line' id='line_1_9' title="bbox 361 1329 1539 1412; baseline 0.001 -18"><span class='ocrx_word' id='word_1_67' title='bbox 361 1331 422 1394; x_wconf 85' lang='lat' dir='ltr'>alia</span> <span class='ocrx_word' id='word_1_68' title='bbox 443 1348 532 1394; x_wconf 92' lang='lat' dir='ltr'>arma</span> <span class='ocrx_word' id='word_1_69' title='bbox 552 1333 686 1412; x_wconf 87' lang='lat' dir='ltr'>portent.</span> <span class='ocrx_word' id='word_1_70' title='bbox 738 1331 776 1393; x_wconf 94' lang='lat' dir='ltr'>In</span> <span class='ocrx_word' id='word_1_71' title='bbox 805 1329 948 1394; x_wconf 82' lang='lat' dir='ltr'><strong>domibus</strong></span> <span class='ocrx_word' id='word_1_72' title='bbox 978 1334 1085 1394; x_wconf 87' lang='lat' dir='ltr'>autem</span> <span class='ocrx_word' id='word_1_73' title='bbox 1115 1330 1251 1411; x_wconf 81' lang='lat' dir='ltr'>quelibet</span> <span class='ocrx_word' id='word_1_74' title='bbox 1281 1347 1369 1394; x_wconf 90' lang='lat' dir='ltr'>arma</span> <span class='ocrx_word' id='word_1_75' title='bbox 1396 1329 1539 1405; x_wconf 79' lang='lat' dir='ltr'><strong>habeant,</strong></span> 
     </span>
     <span class='ocr_line' id='line_1_10' title="bbox 361 1415 1540 1500; baseline -0.001 -21"><span class='ocrx_word' id='word_1_76' title='bbox 361 1418 404 1493; x_wconf 89' lang='lat' dir='ltr'>nt,</span> <span class='ocrx_word' id='word_1_77' title='bbox 433 1416 461 1479; x_wconf 89' lang='lat' dir='ltr'>si</span> <span class='ocrx_word' id='word_1_78' title='bbox 482 1416 575 1480; x_wconf 84' lang='lat' dir='ltr'>iudex</span> <span class='ocrx_word' id='word_1_79' title='bbox 597 1415 637 1480; x_wconf 90' lang='lat' dir='ltr'>ad</span> <span class='ocrx_word' id='word_1_80' title='bbox 659 1416 909 1480; x_wconf 77' lang='lat' dir='ltr'>emendationem</span> <span class='ocrx_word' id='word_1_81' title='bbox 938 1417 1049 1481; x_wconf 91' lang='lat' dir='ltr'>violate</span> <span class='ocrx_word' id='word_1_82' title='bbox 1077 1417 1162 1500; x_wconf 83' lang='lat' dir='ltr'>pasis</span> <span class='ocrx_word' id='word_1_83' title='bbox 1185 1434 1293 1480; x_wconf 90' lang='lat' dir='ltr'>eornm</span> <span class='ocrx_word' id='word_1_84' title='bbox 1316 1415 1438 1480; x_wconf 80' lang='lat' dir='ltr'>auxiliis</span> <span class='ocrx_word' id='word_1_85' title='bbox 1462 1416 1540 1480; x_wconf 95' lang='lat' dir='ltr'>indi·</span> 
     </span>
     <span class='ocr_line' id='line_1_11' title="bbox 360 1501 1539 1585; baseline 0.001 -20"><span class='ocrx_word' id='word_1_86' title='bbox 360 1503 474 1583; x_wconf 88' lang='lat' dir='ltr'>guerit,</span> <span class='ocrx_word' id='word_1_87' title='bbox 504 1521 577 1565; x_wconf 91' lang='lat' dir='ltr'>oum</span> <span class='ocrx_word' id='word_1_88' title='bbox 607 1501 702 1566; x_wconf 90' lang='lat' dir='ltr'>armis</span> <span class='ocrx_word' id='word_1_89' title='bbox 729 1502 829 1585; x_wconf 87' lang='lat' dir='ltr'>parati</span> <span class='ocrx_word' id='word_1_90' title='bbox 857 1503 1071 1579; x_wconf 91' lang='lat' dir='ltr'>inveniantur,</span> <span class='ocrx_word' id='word_1_91' title='bbox 1100 1501 1248 1583; x_wconf 90' lang='lat' dir='ltr'>quoniam</span> <span class='ocrx_word' id='word_1_92' title='bbox 1275 1502 1308 1564; x_wconf 91' lang='lat' dir='ltr'>in</span> <span class='ocrx_word' id='word_1_93' title='bbox 1329 1501 1388 1565; x_wconf 87' lang='lat' dir='ltr'>hoe</span> <span class='ocrx_word' id='word_1_94' title='bbox 1411 1502 1539 1566; x_wconf 90' lang='lat' dir='ltr'>artioulo</span> 
     </span>
     <span class='ocr_line' id='line_1_12' title="bbox 359 1587 1471 1670; baseline 0 -20"><span class='ocrx_word' id='word_1_95' title='bbox 359 1587 493 1652; x_wconf 91' lang='lat' dir='ltr'>iudioem</span> <span class='ocrx_word' id='word_1_96' title='bbox 515 1588 604 1669; x_wconf 86' lang='lat' dir='ltr'>sequi</span> <span class='ocrx_word' id='word_1_97' title='bbox 626 1590 773 1652; x_wconf 89' lang='lat' dir='ltr'>tenentur</span> <span class='ocrx_word' id='word_1_98' title='bbox 794 1607 849 1670; x_wconf 89' lang='lat' dir='ltr'>pro</span> <span class='ocrx_word' id='word_1_99' title='bbox 870 1587 981 1652; x_wconf 86' lang='lat' dir='ltr'>iudiois</span> <span class='ocrx_word' id='word_1_100' title='bbox 1004 1589 1130 1652; x_wconf 87' lang='lat' dir='ltr'>arbitrio</span> <span class='ocrx_word' id='word_1_101' title='bbox 1154 1589 1186 1652; x_wconf 88' lang='lat' dir='ltr'>et</span> <span class='ocrx_word' id='word_1_102' title='bbox 1207 1587 1471 1670; x_wconf 87' lang='lat' dir='ltr'>roi·neeesse.**)</span> 
     </span>
    </p>

    <p class='ocr_par' dir='ltr' id='par_1_4' title="bbox 358 1673 1539 2012">
     <span class='ocr_line' id='line_1_13' title="bbox 445 1673 1539 1755; baseline 0.002 -19"><span class='ocrx_word' id='word_1_103' title='bbox 445 1675 496 1736; x_wconf 90' lang='grc'>22.</span> <span class='ocrx_word' id='word_1_104' title='bbox 519 1673 553 1738; x_wconf 83' lang='lat' dir='ltr'>si</span> <span class='ocrx_word' id='word_1_105' title='bbox 575 1673 645 1755; x_wconf 89' lang='lat' dir='ltr'>quis</span> <span class='ocrx_word' id='word_1_106' title='bbox 666 1674 699 1737; x_wconf 93' lang='lat' dir='ltr'>in</span> <span class='ocrx_word' id='word_1_107' title='bbox 722 1673 827 1755; x_wconf 89' lang='lat' dir='ltr'>aliqua</span> <span class='ocrx_word' id='word_1_108' title='bbox 847 1673 922 1738; x_wconf 90' lang='lat' dir='ltr'>villa</span> <span class='ocrx_word' id='word_1_109' title='bbox 949 1675 998 1738; x_wconf 89' lang='lat' dir='ltr'>vel</span> <span class='ocrx_word' id='word_1_110' title='bbox 1020 1674 1054 1737; x_wconf 91' lang='lat' dir='ltr'>in</span> <span class='ocrx_word' id='word_1_111' title='bbox 1077 1675 1136 1738; x_wconf 90' lang='lat' dir='ltr'>alio</span> <span class='ocrx_word' id='word_1_112' title='bbox 1158 1674 1225 1738; x_wconf 88' lang='lat' dir='ltr'>loeo</span> <span class='ocrx_word' id='word_1_113' title='bbox 1248 1691 1343 1754; x_wconf 94' lang='lat' dir='ltr'>quam</span> <span class='ocrx_word' id='word_1_114' title='bbox 1370 1673 1403 1736; x_wconf 91' lang='lat' dir='ltr'>in</span> <span class='ocrx_word' id='word_1_115' title='bbox 1432 1674 1539 1738; x_wconf 76' lang='lat' dir='ltr'>eivita</span> 
     </span>
     <span class='ocr_line' id='line_1_14' title="bbox 358 1759 1539 1842; baseline 0 -20"><span class='ocrx_word' id='word_1_116' title='bbox 358 1759 443 1824; x_wconf 88' lang='lat' dir='ltr'>tibus</span> <span class='ocrx_word' id='word_1_117' title='bbox 465 1759 610 1824; x_wconf 89' lang='lat' dir='ltr'>habuerit</span> <span class='ocrx_word' id='word_1_118' title='bbox 631 1759 802 1838; x_wconf 89' lang='lat' dir='ltr'>hominem,</span> <span class='ocrx_word' id='word_1_119' title='bbox 837 1778 932 1841; x_wconf 89' lang='lat' dir='ltr'>quem</span> <span class='ocrx_word' id='word_1_120' title='bbox 962 1762 1081 1824; x_wconf 78' lang='lat' dir='ltr'>asserat</span> <span class='ocrx_word' id='word_1_121' title='bbox 1103 1778 1197 1824; x_wconf 88' lang='lat' dir='ltr'>suum</span> <span class='ocrx_word' id='word_1_122' title='bbox 1218 1759 1379 1842; x_wconf 91' lang='lat' dir='ltr'>proprium</span> <span class='ocrx_word' id='word_1_123' title='bbox 1401 1777 1468 1824; x_wconf 88' lang='lat' dir='ltr'>esse</span> <span class='ocrx_word' id='word_1_124' title='bbox 1490 1760 1539 1824; x_wconf 93' lang='lat' dir='ltr'>vel</span> 
     </span>
     <span class='ocr_line' id='line_1_15' title="bbox 359 1844 1539 1926; baseline -0.001 -16"><span class='ocrx_word' id='word_1_125' title='bbox 359 1845 595 1922; x_wconf 73' lang='lat' dir='ltr'>advocatitiam,</span> <span class='ocrx_word' id='word_1_126' title='bbox 624 1845 709 1910; x_wconf 89' lang='lat' dir='ltr'>illius</span> <span class='ocrx_word' id='word_1_127' title='bbox 735 1845 795 1909; x_wconf 88' lang='lat' dir='ltr'>loei</span> <span class='ocrx_word' id='word_1_128' title='bbox 820 1844 914 1910; x_wconf 90' lang='lat' dir='ltr'>iudioi</span> <span class='ocrx_word' id='word_1_129' title='bbox 938 1846 1164 1926; x_wconf 88' lang='lat' dir='ltr'>querimoniam</span> <span class='ocrx_word' id='word_1_130' title='bbox 1185 1851 1324 1921; x_wconf 89' lang='lat' dir='ltr'>moveat,</span> <span class='ocrx_word' id='word_1_131' title='bbox 1353 1845 1445 1908; x_wconf 87' lang='lat' dir='ltr'>iudex</span> <span class='ocrx_word' id='word_1_132' title='bbox 1468 1864 1539 1909; x_wconf 89' lang='lat' dir='ltr'>eon·</span> 
     </span>
     <span class='ocr_line' id='line_1_16' title="bbox 360 1930 924 2012; baseline 0 -18"><span class='ocrx_word' id='word_1_133' title='bbox 360 1932 502 2012; x_wconf 80' lang='lat' dir='ltr'>querenti</span> <span class='ocrx_word' id='word_1_134' title='bbox 523 1931 680 1996; x_wconf 88' lang='lat' dir='ltr'>iustioiam</span> <span class='ocrx_word' id='word_1_135' title='bbox 702 1930 806 1996; x_wconf 81' lang='lat' dir='ltr'>faeiat</span> <span class='ocrx_word' id='word_1_136' title='bbox 921 1956 924 1962; x_wconf 94' lang='lat'><em>·</em></span> 
     </span>
    </p>

    <p class='ocr_par' dir='ltr' id='par_1_5' title="bbox 357 2015 1538 2272">
     <span class='ocr_line' id='line_1_17' title="bbox 445 2015 1536 2101; baseline 0.001 -21"><span class='ocrx_word' id='word_1_137' title='bbox 445 2017 497 2081; x_wconf 82' lang='lat'>23.</span> <span class='ocrx_word' id='word_1_138' title='bbox 522 2016 556 2081; x_wconf 89' lang='lat' dir='ltr'>Si</span> <span class='ocrx_word' id='word_1_139' title='bbox 570 2036 642 2082; x_wconf 89' lang='lat' dir='ltr'>vero</span> <span class='ocrx_word' id='word_1_140' title='bbox 657 2017 750 2081; x_wconf 82' lang='lat' dir='ltr'>iudex</span> <span class='ocrx_word' id='word_1_141' title='bbox 763 2017 854 2081; x_wconf 93' lang='lat' dir='ltr'>illum</span> <span class='ocrx_word' id='word_1_142' title='bbox 869 2016 1001 2101; x_wconf 90' lang='lat' dir='ltr'>pervim</span> <span class='ocrx_word' id='word_1_143' title='bbox 1016 2015 1180 2081; x_wconf 84' lang='lat' dir='ltr'>defendere</span> <span class='ocrx_word' id='word_1_144' title='bbox 1196 2016 1336 2092; x_wconf 76' lang='lat' dir='ltr'>voluerit,</span> <span class='ocrx_word' id='word_1_145' title='bbox 1358 2034 1398 2080; x_wconf 92' lang='lat' dir='ltr'>ne</span> <span class='ocrx_word' id='word_1_146' title='bbox 1413 2015 1536 2081; x_wconf 91' lang='lat' dir='ltr'>domino</span> 
     </span>
     <span class='ocr_line' id='line_1_18' title="bbox 358 2101 1538 2186; baseline -0.001 -19"><span class='ocrx_word' id='word_1_147' title='bbox 358 2103 558 2185; x_wconf 76' lang='lat' dir='ltr'>conquerenti</span> <span class='ocrx_word' id='word_1_148' title='bbox 580 2102 759 2180; x_wconf 78' lang='lat' dir='ltr'>satisfaciat,</span> <span class='ocrx_word' id='word_1_149' title='bbox 781 2103 848 2186; x_wconf 91' lang='lat' dir='ltr'>ipse</span> <span class='ocrx_word' id='word_1_150' title='bbox 869 2102 962 2166; x_wconf 83' lang='lat' dir='ltr'>iudex</span> <span class='ocrx_word' id='word_1_151' title='bbox 983 2104 1128 2167; x_wconf 88' lang='lat' dir='ltr'>teneatur</span> <span class='ocrx_word' id='word_1_152' title='bbox 1151 2101 1247 2166; x_wconf 81' lang='lat' dir='ltr'>autori</span> <span class='ocrx_word' id='word_1_153' title='bbox 1269 2120 1373 2166; x_wconf 85' lang='lat' dir='ltr'>eoram</span> <span class='ocrx_word' id='word_1_154' title='bbox 1388 2101 1538 2185; x_wconf 82' lang='lat' dir='ltr'>superiori</span> 
     </span>
     <span class='ocr_line' id='line_1_19' title="bbox 357 2187 674 2272; baseline 0.003 -21"><span class='ocrx_word' id='word_1_155' title='bbox 357 2187 459 2253; x_wconf 87' lang='lat' dir='ltr'>iudioe</span> <span class='ocrx_word' id='word_1_156' title='bbox 481 2189 674 2272; x_wconf 89' lang='lat' dir='ltr'>respondere.</span> 
     </span>
    </p>

    <p class='ocr_par' dir='ltr' id='par_1_6' title="bbox 358 2273 1537 2613">
     <span class='ocr_line' id='line_1_20' title="bbox 378 2273 1537 2372; baseline -0.002 -34"><span class='ocrx_word' id='word_1_157' title='bbox 378 2360 383 2370; x_wconf 38' lang='grc' dir='ltr'>Ι</span> <span class='ocrx_word' id='word_1_158' title='bbox 445 2275 525 2357; x_wconf 73' lang='grc'><strong>[24]</strong></span> <span class='ocrx_word' id='word_1_159' title='bbox 539 2274 715 2339; x_wconf 84' lang='lat' dir='ltr'>Statuimus</span> <span class='ocrx_word' id='word_1_160' title='bbox 727 2274 822 2338; x_wconf 88' lang='lat' dir='ltr'>etiam</span> <span class='ocrx_word' id='word_1_161' title='bbox 837 2277 869 2340; x_wconf 89' lang='lat' dir='ltr'>et</span> <span class='ocrx_word' id='word_1_162' title='bbox 882 2273 1035 2371; x_wconf 83' lang='lat' dir='ltr'>imperiali</span> <span class='ocrx_word' id='word_1_163' title='bbox 1051 2273 1234 2372; x_wconf 79' lang='lat' dir='ltr'>auctoritate</span> <span class='ocrx_word' id='word_1_164' title='bbox 1249 2273 1437 2357; x_wconf 79' lang='lat' dir='ltr'>preoipimus</span> <span class='ocrx_word' id='word_1_165' title='bbox 1452 2274 1537 2356; x_wconf 89' lang='lat' dir='ltr'>prin-</span> 
     </span>
     <span class='ocr_line' id='line_1_21' title="bbox 358 2359 1536 2544; baseline 0.01 -35"><span class='ocrx_word' id='word_1_166' title='bbox 358 2359 1133 2544; x_wconf 56' lang='lat' dir='ltr'>rstleaallllaltltarttetlt</span> <span class='ocrx_word' id='word_1_167' title='bbox 1146 2361 1536 2527; x_wconf 64' lang='lat' dir='ltr'>,ellatllttltlt</span> 
     </span>
     <span class='ocr_line' id='line_1_22' title="bbox 359 2531 705 2613; baseline 0 -17"><span class='ocrx_word' id='word_1_168' title='bbox 359 2550 413 2613; x_wconf 87' lang='lat' dir='ltr'>qm</span> <span class='ocrx_word' id='word_1_169' title='bbox 435 2531 581 2596; x_wconf 84' lang='lat' dir='ltr'>drountnr</span> <span class='ocrx_word' id='word_1_170' title='bbox 604 2551 705 2596; x_wconf 85' lang='lat' dir='ltr'>earn.</span> 
     </span>
    </p>

    <p class='ocr_par' dir='ltr' id='par_1_7' title="bbox 357 2615 1535 2866">
     <span class='ocr_line' id='line_1_23' title="bbox 445 2615 1535 2700; baseline -0.001 -20"><span class='ocrx_word' id='word_1_171' title='bbox 445 2617 526 2700; x_wconf 73' lang='lat'><strong>[25]</strong></span> <span class='ocrx_word' id='word_1_172' title='bbox 549 2618 651 2683; x_wconf 83' lang='lat' dir='ltr'>Item</span> <span class='ocrx_word' id='word_1_173' title='bbox 684 2617 883 2700; x_wconf 90' lang='lat' dir='ltr'>quandam</span> <span class='ocrx_word' id='word_1_174' title='bbox 904 2618 1151 2682; x_wconf 88' lang='lat' dir='ltr'>sententiam</span> <span class='ocrx_word' id='word_1_175' title='bbox 1183 2615 1389 2698; x_wconf 87' lang='lat' dir='ltr'>antiquam</span> <span class='ocrx_word' id='word_1_176' title='bbox 1411 2616 1535 2691; x_wconf 86' lang='lat' dir='ltr'>iustam,</span> 
     </span>
     <span class='ocr_line' id='line_1_24' title="bbox 357 2702 1535 2787; baseline -0.003 -19"><span class='ocrx_word' id='word_1_177' title='bbox 357 2703 411 2768; x_wconf 90' lang='lat' dir='ltr'>sed</span> <span class='ocrx_word' id='word_1_178' title='bbox 433 2703 487 2767; x_wconf 90' lang='lat' dir='ltr'>diu</span> <span class='ocrx_word' id='word_1_179' title='bbox 509 2705 644 2787; x_wconf 90' lang='lat' dir='ltr'>sopitam</span> <span class='ocrx_word' id='word_1_180' title='bbox 665 2703 895 2778; x_wconf 74' lang='lat' dir='ltr'>renovavimus,</span> <span class='ocrx_word' id='word_1_181' title='bbox 927 2703 1015 2785; x_wconf 85' lang='lat' dir='ltr'>ouius</span> <span class='ocrx_word' id='word_1_182' title='bbox 1043 2703 1284 2787; x_wconf 82' lang='lat' dir='ltr'>promulgationi</span> <span class='ocrx_word' id='word_1_183' title='bbox 1314 2702 1401 2766; x_wconf 89' lang='lat' dir='ltr'>ouria</span> <span class='ocrx_word' id='word_1_184' title='bbox 1428 2705 1535 2766; x_wconf 83' lang='lat' dir='ltr'>uostm</span> 
     </span>
     <span class='ocr_line' id='line_1_25' title="bbox 357 2786 1535 2866; baseline -0.002 -13"><span class='ocrx_word' id='word_1_185' title='bbox 357 2806 565 2853; x_wconf 90' lang='lat' dir='ltr'>assensum</span> <span class='ocrx_word' id='word_1_186' title='bbox 588 2790 682 2854; x_wconf 83' lang='lat' dir='ltr'>dedit</span> <span class='ocrx_word' id='word_1_187' title='bbox 725 2789 793 2854; x_wconf 85' lang='lat' dir='ltr'>Hae</span> <span class='ocrx_word' id='word_1_188' title='bbox 815 2792 922 2853; x_wconf 91' lang='lat' dir='ltr'>autem</span> <span class='ocrx_word' id='word_1_189' title='bbox 944 2790 1100 2854; x_wconf 90' lang='lat' dir='ltr'>sententia</span> <span class='ocrx_word' id='word_1_190' title='bbox 1121 2789 1193 2853; x_wconf 85' lang='lat' dir='ltr'>talis</span> <span class='ocrx_word' id='word_1_191' title='bbox 1216 2790 1281 2852; x_wconf 92' lang='lat' dir='ltr'>est:</span> <span class='ocrx_word' id='word_1_192' title='bbox 1306 2786 1366 2866; x_wconf 87' lang='lat' dir='ltr'>Qui</span> <span class='ocrx_word' id='word_1_193' title='bbox 1380 2791 1535 2852; x_wconf 88' lang='lat' dir='ltr'>noeturna</span> 
     </span>
    </p>
   </div>
   <div class='ocr_carea' id='block_1_3' title="bbox 247 2873 1534 2957">
    <p class='ocr_par' dir='ltr' id='par_1_8' title="bbox 247 2873 1534 2957">
     <span class='ocr_line' id='line_1_26' title="bbox 247 2873 1534 2957; baseline -0.002 -18"><span class='ocrx_word' id='word_1_194' title='bbox 247 2909 250 2917; x_wconf 95' lang='lat'>·</span> <span class='ocrx_word' id='word_1_195' title='bbox 357 2874 499 2939; x_wconf 88' lang='lat' dir='ltr'>ineendia</span> <span class='ocrx_word' id='word_1_196' title='bbox 521 2875 733 2940; x_wconf 87' lang='lat' dir='ltr'>oommiserint</span> <span class='ocrx_word' id='word_1_197' title='bbox 754 2878 786 2940; x_wconf 91' lang='lat' dir='ltr'>et</span> <span class='ocrx_word' id='word_1_198' title='bbox 808 2894 845 2938; x_wconf 90' lang='lat' dir='ltr'>ea</span> <span class='ocrx_word' id='word_1_199' title='bbox 866 2875 1058 2940; x_wconf 84' lang='lat' dir='ltr'>summisisse</span> <span class='ocrx_word' id='word_1_200' title='bbox 1080 2895 1142 2941; x_wconf 89' lang='lat' dir='ltr'>non</span> <span class='ocrx_word' id='word_1_201' title='bbox 1157 2873 1347 2957; x_wconf 85' lang='lat' dir='ltr'>negaverint,</span> <span class='ocrx_word' id='word_1_202' title='bbox 1369 2873 1453 2938; x_wconf 91' lang='lat' dir='ltr'>omni</span> <span class='ocrx_word' id='word_1_203' title='bbox 1466 2874 1534 2937; x_wconf 88' lang='lat' dir='ltr'>iure</span> 
     </span>
    </p>
   </div>
   <div class='ocr_carea' id='block_1_4' title="bbox 355 2959 1534 3387">
    <p class='ocr_par' dir='ltr' id='par_1_9' title="bbox 355 2959 1533 3044">
     <span class='ocr_line' id='line_1_27' title="bbox 355 2959 1533 3044; baseline -0.003 -19"><span class='ocrx_word' id='word_1_204' title='bbox 355 2962 495 3044; x_wconf 89' lang='lat' dir='ltr'>privetur</span> <span class='ocrx_word' id='word_1_205' title='bbox 516 2981 573 3026; x_wconf 85' lang='lat' dir='ltr'>nee</span> <span class='ocrx_word' id='word_1_206' title='bbox 593 2961 627 3025; x_wconf 95' lang='lat' dir='ltr'>in</span> <span class='ocrx_word' id='word_1_207' title='bbox 649 2961 803 3026; x_wconf 89' lang='lat' dir='ltr'>benefieiis</span> <span class='ocrx_word' id='word_1_208' title='bbox 826 2961 890 3026; x_wconf 86' lang='lat' dir='ltr'>sive</span> <span class='ocrx_word' id='word_1_209' title='bbox 913 2959 1033 3026; x_wconf 86' lang='lat' dir='ltr'>allodiis</span> <span class='ocrx_word' id='word_1_210' title='bbox 1062 2961 1186 3043; x_wconf 91' lang='lat' dir='ltr'>aliquod</span> <span class='ocrx_word' id='word_1_211' title='bbox 1218 2961 1268 3024; x_wconf 89' lang='lat' dir='ltr'>ius</span> <span class='ocrx_word' id='word_1_212' title='bbox 1302 2959 1533 3042; x_wconf 84' lang='lat' dir='ltr'>obtineat&#39;***)</span> 
     </span>
    </p>

    <p class='ocr_par' dir='ltr' id='par_1_10' title="bbox 355 3045 1534 3387">
     <span class='ocr_line' id='line_1_28' title="bbox 441 3045 1534 3131; baseline -0.002 -21"><span class='ocrx_word' id='word_1_213' title='bbox 441 3045 509 3112; x_wconf 90' lang='lat' dir='ltr'>Heo</span> <span class='ocrx_word' id='word_1_214' title='bbox 538 3047 623 3131; x_wconf 87' lang='lat' dir='ltr'>paois</span> <span class='ocrx_word' id='word_1_215' title='bbox 653 3050 774 3111; x_wconf 87' lang='lat' dir='ltr'>statuta</span> <span class='ocrx_word' id='word_1_216' title='bbox 801 3047 834 3110; x_wconf 95' lang='lat' dir='ltr'>in</span> <span class='ocrx_word' id='word_1_217' title='bbox 862 3047 911 3111; x_wconf 90' lang='lat' dir='ltr'>his</span> <span class='ocrx_word' id='word_1_218' title='bbox 939 3047 1053 3112; x_wconf 87' lang='lat' dir='ltr'>finibus</span> <span class='ocrx_word' id='word_1_219' title='bbox 1086 3045 1277 3112; x_wconf 89' lang='lat' dir='ltr'>observanda</span> <span class='ocrx_word' id='word_1_220' title='bbox 1305 3045 1472 3108; x_wconf 88' lang='lat' dir='ltr'>indiximus</span> <span class='ocrx_word' id='word_1_221' title='bbox 1502 3050 1534 3109; x_wconf 88' lang='lat' dir='ltr'>ot</span> 
     </span>
     <span class='ocr_line' id='line_1_29' title="bbox 356 3130 1534 3216; baseline -0.003 -20"><span class='ocrx_word' id='word_1_222' title='bbox 356 3132 563 3197; x_wconf 81' lang='lat' dir='ltr'>extendenda:</span> <span class='ocrx_word' id='word_1_223' title='bbox 593 3151 694 3216; x_wconf 89' lang='lat' dir='ltr'>usque</span> <span class='ocrx_word' id='word_1_224' title='bbox 716 3132 756 3197; x_wconf 90' lang='lat' dir='ltr'>ad</span> <span class='ocrx_word' id='word_1_225' title='bbox 777 3137 906 3216; x_wconf 90' lang='lat' dir='ltr'>pontem</span> <span class='ocrx_word' id='word_1_226' title='bbox 928 3133 1239 3210; x_wconf 70' lang='lat' dir='ltr'>Lutherionewilred,</span> <span class='ocrx_word' id='word_1_227' title='bbox 1261 3132 1313 3195; x_wconf 88' lang='lat' dir='ltr'>ubi</span> <span class='ocrx_word' id='word_1_228' title='bbox 1336 3130 1444 3194; x_wconf 87' lang='lat' dir='ltr'>finitur</span> <span class='ocrx_word' id='word_1_229' title='bbox 1470 3132 1534 3213; x_wconf 89' lang='lat' dir='ltr'>epi-</span> 
     </span>
     <span class='ocr_line' id='line_1_30' title="bbox 355 3215 1534 3302; baseline 0 -21"><span class='ocrx_word' id='word_1_230' title='bbox 355 3224 500 3302; x_wconf 88' lang='lat' dir='ltr'>soopatns</span> <span class='ocrx_word' id='word_1_231' title='bbox 530 3218 684 3302; x_wconf 88' lang='lat' dir='ltr'>Spirensis</span> <span class='ocrx_word' id='word_1_232' title='bbox 719 3222 751 3284; x_wconf 94' lang='lat' dir='ltr'>et</span> <span class='ocrx_word' id='word_1_233' title='bbox 785 3222 925 3302; x_wconf 87' lang='lat' dir='ltr'>potestas</span> <span class='ocrx_word' id='word_1_234' title='bbox 959 3219 1180 3284; x_wconf 87' lang='lat' dir='ltr'>iurisdietionis</span> <span class='ocrx_word' id='word_1_235' title='bbox 1209 3215 1359 3299; x_wconf 84' lang='lat' dir='ltr'>langravii</span> <span class='ocrx_word' id='word_1_236' title='bbox 1388 3217 1419 3280; x_wconf 91' lang='lat' dir='ltr'>in</span> <span class='ocrx_word' id='word_1_237' title='bbox 1450 3219 1534 3281; x_wconf 89' lang='lat' dir='ltr'>terra</span> 
     </span>
     <span class='ocr_line' id='line_1_31' title="bbox 356 3303 1534 3387; baseline -0.003 -19"><span class='ocrx_word' id='word_1_238' title='bbox 356 3303 538 3387; x_wconf 85' lang='lat' dir='ltr'>Spirohove,</span> <span class='ocrx_word' id='word_1_239' title='bbox 566 3308 598 3369; x_wconf 93' lang='lat' dir='ltr'>et</span> <span class='ocrx_word' id='word_1_240' title='bbox 620 3305 786 3370; x_wconf 79' lang='lat' dir='ltr'>descendet</span> <span class='ocrx_word' id='word_1_241' title='bbox 806 3304 891 3368; x_wconf 89' lang='lat' dir='ltr'>ultra</span> <span class='ocrx_word' id='word_1_242' title='bbox 913 3305 1080 3370; x_wconf 85' lang='lat' dir='ltr'>Mosellam</span> <span class='ocrx_word' id='word_1_243' title='bbox 1102 3324 1201 3387; x_wconf 86' lang='lat' dir='ltr'>usque</span> <span class='ocrx_word' id='word_1_244' title='bbox 1223 3304 1256 3367; x_wconf 93' lang='lat' dir='ltr'>in</span> <span class='ocrx_word' id='word_1_245' title='bbox 1278 3308 1395 3367; x_wconf 88' lang='lat' dir='ltr'>terram</span> <span class='ocrx_word' id='word_1_246' title='bbox 1417 3303 1534 3366; x_wconf 82' lang='lat' dir='ltr'>Meina-</span> 
     </span>
    </p>
   </div>
   <div class='ocr_carea' id='block_1_5' title="bbox 351 3385 1532 3904">
    <p class='ocr_par' dir='ltr' id='par_1_11' title="bbox 351 3385 1532 3904">
     <span class='ocr_line' id='line_1_32' title="bbox 354 3385 1532 3474; baseline 0 -22"><span class='ocrx_word' id='word_1_247' title='bbox 354 3390 446 3454; x_wconf 73' lang='lat' dir='ltr'>veltl’)</span> <span class='ocrx_word' id='word_1_248' title='bbox 469 3395 502 3454; x_wconf 90' lang='lat' dir='ltr'>et</span> <span class='ocrx_word' id='word_1_249' title='bbox 522 3392 575 3455; x_wconf 91' lang='lat' dir='ltr'>ubi</span> <span class='ocrx_word' id='word_1_250' title='bbox 597 3390 659 3455; x_wconf 92' lang='lat' dir='ltr'>duo</span> <span class='ocrx_word' id='word_1_251' title='bbox 682 3391 877 3474; x_wconf 87' lang='lat' dir='ltr'>episeopatus</span> <span class='ocrx_word' id='word_1_252' title='bbox 890 3390 1067 3473; x_wconf 89' lang='lat' dir='ltr'>iunguntur</span> <span class='ocrx_word' id='word_1_253' title='bbox 1082 3385 1272 3456; x_wconf 83' lang='lat' dir='ltr'>Coloniensis</span> <span class='ocrx_word' id='word_1_254' title='bbox 1288 3392 1320 3453; x_wconf 90' lang='lat' dir='ltr'>et</span> <span class='ocrx_word' id='word_1_255' title='bbox 1334 3389 1532 3466; x_wconf 68' lang='lat' dir='ltr'>trevirensis,</span> 
     </span>
     <span class='ocr_line' id='line_1_33' title="bbox 354 3473 1532 3558; baseline -0.001 -20"><span class='ocrx_word' id='word_1_256' title='bbox 354 3475 426 3540; x_wconf 89' lang='lat' dir='ltr'>hino</span> <span class='ocrx_word' id='word_1_257' title='bbox 448 3494 548 3558; x_wconf 88' lang='lat' dir='ltr'>usque</span> <span class='ocrx_word' id='word_1_258' title='bbox 570 3476 610 3541; x_wconf 91' lang='lat' dir='ltr'>ad</span> <span class='ocrx_word' id='word_1_259' title='bbox 633 3476 743 3542; x_wconf 80' lang='lat' dir='ltr'>Sanam</span> <span class='ocrx_word' id='word_1_260' title='bbox 765 3476 896 3540; x_wconf 88' lang='lat' dir='ltr'>fiuvium</span> <span class='ocrx_word' id='word_1_261' title='bbox 919 3479 950 3541; x_wconf 88' lang='lat' dir='ltr'>et</span> <span class='ocrx_word' id='word_1_262' title='bbox 971 3478 1054 3541; x_wconf 89' lang='lat' dir='ltr'>ultra</span> <span class='ocrx_word' id='word_1_263' title='bbox 1075 3477 1208 3552; x_wconf 82' lang='lat' dir='ltr'>Bonum,</span> <span class='ocrx_word' id='word_1_264' title='bbox 1234 3475 1287 3540; x_wconf 95' lang='lat' dir='ltr'>ubi</span> <span class='ocrx_word' id='word_1_265' title='bbox 1309 3473 1417 3538; x_wconf 89' lang='lat' dir='ltr'>finitur</span> <span class='ocrx_word' id='word_1_266' title='bbox 1438 3475 1532 3539; x_wconf 85' lang='lat' dir='ltr'>eomi-</span> 
     </span>
     <span class='ocr_line' id='line_1_34' title="bbox 353 3559 1532 3644; baseline -0.001 -20"><span class='ocrx_word' id='word_1_267' title='bbox 353 3565 440 3625; x_wconf 88' lang='lat' dir='ltr'>tatus</span> <span class='ocrx_word' id='word_1_268' title='bbox 462 3563 584 3626; x_wconf 89' lang='lat' dir='ltr'>eomitis</span> <span class='ocrx_word' id='word_1_269' title='bbox 605 3562 747 3627; x_wconf 91' lang='lat' dir='ltr'>Bertoldi</span> <span class='ocrx_word' id='word_1_270' title='bbox 769 3562 807 3627; x_wconf 94' lang='lat' dir='ltr'>de</span> <span class='ocrx_word' id='word_1_271' title='bbox 829 3562 1016 3644; x_wconf 68' lang='lat' dir='ltr'>Greigouet</span> <span class='ocrx_word' id='word_1_272' title='bbox 1039 3567 1071 3627; x_wconf 90' lang='lat' dir='ltr'>et</span> <span class='ocrx_word' id='word_1_273' title='bbox 1092 3563 1213 3628; x_wconf 80' lang='lat' dir='ltr'>comitis</span> <span class='ocrx_word' id='word_1_274' title='bbox 1235 3559 1372 3626; x_wconf 88' lang='lat' dir='ltr'>Heinrioi</span> <span class='ocrx_word' id='word_1_275' title='bbox 1394 3559 1432 3624; x_wconf 91' lang='lat' dir='ltr'>de</span> <span class='ocrx_word' id='word_1_276' title='bbox 1455 3559 1532 3624; x_wconf 84' lang='lat' dir='ltr'>Gre-</span> 
     </span>
     <span class='ocr_line' id='line_1_35' title="bbox 354 3645 1531 3732; baseline -0.001 -22"><span class='ocrx_word' id='word_1_277' title='bbox 354 3649 510 3728; x_wconf 70' lang='lat' dir='ltr'>nengenll,</span> <span class='ocrx_word' id='word_1_278' title='bbox 533 3650 565 3712; x_wconf 93' lang='lat' dir='ltr'>et</span> <span class='ocrx_word' id='word_1_279' title='bbox 585 3648 736 3713; x_wconf 79' lang='lat' dir='ltr'>descensu</span> <span class='ocrx_word' id='word_1_280' title='bbox 750 3666 806 3732; x_wconf 89' lang='lat' dir='ltr'>per</span> <span class='ocrx_word' id='word_1_281' title='bbox 820 3651 920 3714; x_wconf 90' lang='lat' dir='ltr'>totam</span> <span class='ocrx_word' id='word_1_282' title='bbox 935 3652 1116 3713; x_wconf 92' lang='lat' dir='ltr'>montanam</span> <span class='ocrx_word' id='word_1_283' title='bbox 1131 3650 1271 3725; x_wconf 84' lang='lat' dir='ltr'>stratam,</span> <span class='ocrx_word' id='word_1_284' title='bbox 1294 3664 1355 3728; x_wconf 88' lang='lat' dir='ltr'>que</span> <span class='ocrx_word' id='word_1_285' title='bbox 1370 3645 1531 3710; x_wconf 88' lang='lat' dir='ltr'>Berstrato</span> 
     </span>
     <span class='ocr_line' id='line_1_36' title="bbox 353 3730 1531 3817; baseline 0 -21"><span class='ocrx_word' id='word_1_286' title='bbox 353 3734 548 3810; x_wconf 88' lang='lat' dir='ltr'>nominatur,</span> <span class='ocrx_word' id='word_1_287' title='bbox 580 3735 651 3798; x_wconf 92' lang='lat' dir='ltr'>iude</span> <span class='ocrx_word' id='word_1_288' title='bbox 684 3753 784 3816; x_wconf 87' lang='lat' dir='ltr'>usque</span> <span class='ocrx_word' id='word_1_289' title='bbox 816 3734 1072 3810; x_wconf 72' lang='lat' dir='ltr'>Eionenbubela,</span> <span class='ocrx_word' id='word_1_290' title='bbox 1109 3734 1163 3798; x_wconf 90' lang='lat' dir='ltr'>ubi</span> <span class='ocrx_word' id='word_1_291' title='bbox 1195 3733 1303 3817; x_wconf 91' lang='lat' dir='ltr'>inoipit</span> <span class='ocrx_word' id='word_1_292' title='bbox 1336 3730 1531 3815; x_wconf 88' lang='lat' dir='ltr'>episeopatus</span> 
     </span>
     <span class='ocr_line' id='line_1_37' title="bbox 351 3817 1531 3904; baseline -0.001 -22"><span class='ocrx_word' id='word_1_293' title='bbox 351 3818 655 3901; x_wconf 86' lang='lat' dir='ltr'>Wiraenburgensis,</span> <span class='ocrx_word' id='word_1_294' title='bbox 684 3820 756 3885; x_wconf 90' lang='lat' dir='ltr'>inde</span> <span class='ocrx_word' id='word_1_295' title='bbox 783 3839 884 3903; x_wconf 89' lang='lat' dir='ltr'>usque</span> <span class='ocrx_word' id='word_1_296' title='bbox 907 3820 945 3885; x_wconf 87' lang='lat' dir='ltr'>ad</span> <span class='ocrx_word' id='word_1_297' title='bbox 967 3823 1096 3904; x_wconf 89' lang='lat' dir='ltr'>pontem</span> <span class='ocrx_word' id='word_1_298' title='bbox 1117 3820 1319 3895; x_wconf 72' lang='lat' dir='ltr'>Fuldensem,</span> <span class='ocrx_word' id='word_1_299' title='bbox 1348 3817 1401 3880; x_wconf 93' lang='lat' dir='ltr'>ubi</span> <span class='ocrx_word' id='word_1_300' title='bbox 1423 3817 1531 3881; x_wconf 90' lang='lat' dir='ltr'>finitur</span> 
     </span>
    </p>
   </div>
   <div class='ocr_carea' id='block_1_6' title="bbox 404 3981 1527 4547">
    <p class='ocr_par' dir='ltr' id='par_1_12' title="bbox 440 3981 1265 4066">
     <span class='ocr_line' id='line_1_38' title="bbox 440 3981 1265 4066; baseline 0.005 -30"><span class='ocrx_word' id='word_1_301' title='bbox 440 3985 467 4050; x_wconf 91' lang='lat' dir='ltr'>a)</span> <span class='ocrx_word' id='word_1_302' title='bbox 485 3981 583 4066; x_wconf 77' lang='lat' dir='ltr'>Weiler</span> <span class='ocrx_word' id='word_1_303' title='bbox 602 4000 636 4037; x_wconf 88' lang='lat' dir='ltr'>an</span> <span class='ocrx_word' id='word_1_304' title='bbox 656 3983 702 4037; x_wconf 90' lang='lat' dir='ltr'>der</span> <span class='ocrx_word' id='word_1_305' title='bbox 719 3983 825 4038; x_wconf 67' lang='lat' dir='ltr'>Laumr.</span> <span class='ocrx_word' id='word_1_306' title='bbox 858 4054 864 4066; x_wconf 28' lang='grc' dir='ltr'>ι</span> <span class='ocrx_word' id='word_1_307' title='bbox 1151 4061 1152 4064; x_wconf 8' lang='lat'>¹</span> <span class='ocrx_word' id='word_1_308' title='bbox 1259 4055 1265 4066; x_wconf 87' lang='lat'><strong>.</strong></span> 
     </span>
    </p>

    <p class='ocr_par' dir='ltr' id='par_1_13' title="bbox 439 4052 1511 4137">
     <span class='ocr_line' id='line_1_39' title="bbox 439 4052 1511 4137; baseline 0.003 -31"><span class='ocrx_word' id='word_1_309' title='bbox 439 4054 457 4106; x_wconf 86' lang='lat' dir='ltr'>b</span> <span class='ocrx_word' id='word_1_310' title='bbox 486 4053 637 4136; x_wconf 74' lang='lat' dir='ltr'>Maronleld,</span> <span class='ocrx_word' id='word_1_311' title='bbox 656 4055 705 4108; x_wconf 89' lang='lat' dir='ltr'>das</span> <span class='ocrx_word' id='word_1_312' title='bbox 722 4054 797 4137; x_wconf 82' lang='lat' dir='ltr'>Laud</span> <span class='ocrx_word' id='word_1_313' title='bbox 819 4053 946 4108; x_wconf 83' lang='lat' dir='ltr'>amsehen</span> <span class='ocrx_word' id='word_1_314' title='bbox 965 4057 1071 4108; x_wconf 85' lang='lat' dir='ltr'>unterer</span> <span class='ocrx_word' id='word_1_315' title='bbox 1088 4053 1179 4120; x_wconf 87' lang='lat' dir='ltr'>Mosol,</span> <span class='ocrx_word' id='word_1_316' title='bbox 1198 4052 1293 4119; x_wconf 81' lang='lat' dir='ltr'>Rham,</span> <span class='ocrx_word' id='word_1_317' title='bbox 1312 4053 1394 4108; x_wconf 85' lang='lat' dir='ltr'>Nette</span> <span class='ocrx_word' id='word_1_318' title='bbox 1412 4071 1438 4113; x_wconf 91' lang='grc' dir='ltr'>ιι.</span> <span class='ocrx_word' id='word_1_319' title='bbox 1457 4053 1511 4110; x_wconf 77' lang='lat' dir='ltr'>aa.</span> 
     </span>
    </p>

    <p class='ocr_par' dir='ltr' id='par_1_14' title="bbox 440 4123 1060 4282">
     <span class='ocr_line' id='line_1_40' title="bbox 440 4123 1060 4282; baseline 0.005 -34"><span class='ocrx_word' id='word_1_320' title='bbox 440 4141 458 4248; x_wconf 83' lang='lat' dir='ltr'>t</span> <span class='ocrx_word' id='word_1_321' title='bbox 485 4123 757 4277; x_wconf 59' lang='lat' dir='ltr'>tfttttttls</span> <span class='ocrx_word' id='word_1_322' title='bbox 775 4141 905 4250; x_wconf 60' lang='lat' dir='ltr'>itte,</span> <span class='ocrx_word' id='word_1_323' title='bbox 940 4271 951 4282; x_wconf 30' lang='grc' dir='ltr'><em>η</em></span> <span class='ocrx_word' id='word_1_324' title='bbox 1054 4266 1060 4278; x_wconf 48' lang='grc'><strong><em>,</em></strong></span> 
     </span>
    </p>

    <p class='ocr_par' dir='ltr' id='par_1_15' title="bbox 404 4265 1527 4506">
     <span class='ocr_line' id='line_1_41' title="bbox 440 4265 1527 4419; baseline 0.006 -32"><span class='ocrx_word' id='word_1_325' title='bbox 440 4267 466 4405; x_wconf 52' lang='lat'>23</span> <span class='ocrx_word' id='word_1_326' title='bbox 483 4265 1252 4419; x_wconf 47' lang='lat' dir='ltr'>glgtiheffjililselrnffldirffiffitmd,oCdnshtitluttenldbdregpaoe</span> <span class='ocrx_word' id='word_1_327' title='bbox 1269 4336 1385 4391; x_wconf 83' lang='lat' dir='ltr'>tenenda</span> <span class='ocrx_word' id='word_1_328' title='bbox 1402 4337 1460 4393; x_wconf 75' lang='lat' dir='ltr'>Art,</span> <span class='ocrx_word' id='word_1_329' title='bbox 1483 4339 1527 4393; x_wconf 87' lang='grc'>191</span> 
     </span>
     <span class='ocr_line' id='line_1_42' title="bbox 404 4405 1134 4506; baseline 0.004 -48"><span class='ocrx_word' id='word_1_330' title='bbox 404 4406 462 4506; x_wconf 41' lang='grc'>*3)</span> <span class='ocrx_word' id='word_1_331' title='bbox 481 4405 541 4475; x_wconf 84' lang='lat' dir='ltr'>Vgl.</span> <span class='ocrx_word' id='word_1_332' title='bbox 561 4406 723 4490; x_wconf 72' lang='lat' dir='ltr'>constitutio</span> <span class='ocrx_word' id='word_1_333' title='bbox 741 4408 774 4461; x_wconf 91' lang='lat' dir='ltr'>de</span> <span class='ocrx_word' id='word_1_334' title='bbox 791 4423 856 4490; x_wconf 77' lang='lat' dir='ltr'>paee</span> <span class='ocrx_word' id='word_1_335' title='bbox 873 4407 988 4491; x_wconf 66' lang='lat' dir='ltr'>tenenda</span> <span class='ocrx_word' id='word_1_336' title='bbox 1006 4409 1065 4462; x_wconf 82' lang='lat' dir='ltr'>Art.</span> <span class='ocrx_word' id='word_1_337' title='bbox 1086 4409 1134 4461; x_wconf 82' lang='lat' dir='ltr'>tal</span> 
     </span>
    </p>

    <p class='ocr_par' dir='ltr' id='par_1_16' title="bbox 451 4475 938 4547">
     <span class='ocr_line' id='line_1_43' title="bbox 451 4475 938 4547; baseline 0.01 -20"><span class='ocrx_word' id='word_1_338' title='bbox 451 4481 461 4542; x_wconf 92' lang='lat'>)</span> <span class='ocrx_word' id='word_1_339' title='bbox 479 4475 539 4545; x_wconf 84' lang='lat' dir='ltr'>Vgl.</span> <span class='ocrx_word' id='word_1_340' title='bbox 560 4477 603 4532; x_wconf 87' lang='lat' dir='ltr'>dre</span> <span class='ocrx_word' id='word_1_341' title='bbox 620 4478 741 4547; x_wconf 78' lang='lat' dir='ltr'>folgendo</span> <span class='ocrx_word' id='word_1_342' title='bbox 759 4477 938 4533; x_wconf 82' lang='lat' dir='ltr'>Consututnol</span> 
     </span>
    </p>
   </div>
   <div class='ocr_carea' id='block_1_7' title="bbox 0 0 1814 5284">
    <p class='ocr_par' dir='ltr' id='par_1_17' title="bbox 0 0 1814 5284">
     <span class='ocr_line' id='line_1_44' title="bbox 0 0 1814 5284; baseline 0 5"><span class='ocrx_word' id='word_1_343' title='bbox 0 0 1814 5284; x_wconf 95' lang='lat' dir='ltr'> </span> 
     </span>
    </p>
   </div>
  </div>
 </body>
</html>
