3617 5284
376 540 419 602 58

376 707 544 790 quemdam
566 707 755 793 sapientem:
788 709 861 774 Non
882 710 932 773 est
952 707 999 771 vir
1020 705 1116 782 fortis,
1140 704 1189 770 eui
1210 724 1273 769 non
1294 705 1405 769 erescit
1426 704 1549 768 animus

373 795 406 858 in
438 794 507 877 ipsa
545 813 650 858 rerum
689 793 872 859 difficultate
905 792 1050 876 (Seneca,
1090 791 1178 874 epist
1210 792 1268 866 22,
1308 789 1347 854 ad
1368 788 1548 872 Lucillum).

375 880 440 960 Ego
469 880 576 943 autem
596 879 677 956 dieo,
705 880 790 944 fideli
814 879 932 944 bomini
960 877 1060 960 magis
1083 879 1114 941 et
1134 876 1217 941 iuter
1237 875 1362 958 flagella
1382 875 1551 939 fidendum.

373 966 574 1030 Intraverunt
595 985 694 1048 aquae
723 985 823 1048 usque
855 966 893 1030 ad
924 966 1061 1029 animam
1083 963 1212 1039 Christi,
1242 963 1326 1026 tacta
1356 964 1404 1025 est
1431 961 1551 1044 pupilla

375 1050 457 1116 oculi
478 1050 553 1116 eius.
603 1051 861 1116 Exserendus
895 1052 959 1115 est
990 1068 1092 1115 nuno
1124 1052 1295 1130 uterque
1328 1047 1484 1130 gladius
1518 1047 1551 1111 in

374 1136 516 1220 passione
530 1136 664 1215 Domini,
687 1137 810 1202 Christo
825 1138 927 1202 denuo
942 1137 1087 1220 patiente,
1110 1135 1163 1199 ubi
1186 1137 1218 1198 et
1240 1135 1337 1199 altera
1351 1133 1416 1198 vioe
1436 1152 1549 1216 passus

374 1226 430 1287 est.
474 1222 535 1287 Per
564 1242 659 1305 quem
691 1226 798 1287 autem
829 1223 889 1287 nisi
921 1241 977 1306 per
1008 1225 1085 1285 vos?
1135 1219 1243 1284 Petri
1278 1222 1442 1302 uterque
1476 1221 1549 1293 θεῖς

374 1309 480 1372 alter
501 1327 570 1372 suo
592 1311 705 1386 nutu,
731 1310 834 1374 alter
856 1326 1072 1382 saumana,
1103 1305 1261 1387 quoties
1283 1323 1453 1370 neeesse
1475 1307 1552 1380 est,

375 1393 651 1476 evaginandus.
687 1395 729 1458 ut
751 1395 876 1476 quidem
899 1393 1020 1475 dequo
1043 1391 1148 1456 minus
1169 1391 1338 1468 videbatur,
1361 1391 1399 1454 de
1420 1390 1549 1474 ipso-ad

373 1480 504 1543 Petrum
525 1479 645 1544 dictum
673 1483 737 1544 est:
775 1480 926 1545 Converte
956 1479 1095 1561 gladium
1118 1477 1230 1541 tuum
1251 1477 1283 1539 iu
1305 1477 1449 1558 vaginam
1472 1477 1549 1560 (lob.

374 1565 489 1641 XVIII,
514 1565 576 1647 11).
619 1566 724 1648 Ergo
747 1586 843 1630 suus
866 1567 953 1630 erat
975 1568 1013 1630 et
1033 1564 1118 1641 ille,
1147 1563 1212 1628 sed
1240 1582 1317 1628 non
1339 1582 1411 1627 sua
1431 1582 1551 1626 manu

374 1651 511 1733 utique
533 1650 804 1734 educendum)

374 1880 535 1935 verabredet
572 1879 629 1933 Abt
652 1877 736 1946 Suger
757 1897 780 1934 v.
806 1878 939 1933 St.·Denis
964 1877 1148 1946 bettelingen
1167 1876 1216 1932 111.
1237 1894 1286 1931 von
1308 1877 1358 1930 den
1376 1876 1549 1930 Besohllissen

296 1972 303 1979 ·
374 1951 459 2004 dieser
470 1950 672 2016 Versammlung
689 1950 870 2018 verstitndigt3
890 1949 975 2003 dieser
987 1948 1086 2002 sodaun
1100 1947 1126 2000 in
1139 1949 1222 2002 einana
1234 1947 1373 2001 Schneiben
1388 1966 1410 2002 v.
1421 1951 1463 2002 25.
1473 1946 1549 2017 April

373 2038 442 2075 zuar
460 2021 511 2075 deu
528 2021 600 2075 Eiler
624 2020 722 2087 belobt,
749 2021 820 2074 aeine
837 2019 977 2073 Bedenlren
1001 2021 1064 2072 aber
1086 2035 1170 2087 gagen
1188 2018 1236 2071 das
1254 2017 1450 2072 Unternebmen
1472 2018 1552 2078 umh-

374 2091 511 2146 driiolrlich
538 2090 747 2161 ausgesproohen
774 2088 864 2158 (Jaffo',
890 2091 956 2158 Reg.
984 2091 1060 2144 Pont.
1086 2107 1125 2143 ur.
1153 2091 1252 2150 solut:
1281 2087 1411 2155 „Graveru
1438 2105 1551 2158 namque

374 2162 513 2216 christiani
530 2161 644 2216 nominis
662 2161 807 2227 iacturam,
826 2177 905 2231 quam
922 2162 1020 2215 nostris
1038 2160 1198 2231 temporibus
1216 2158 1327 2213 eeclesia
1344 2159 1394 2212 Dei
1412 2159 1549 2226 sustinuit,

373 2237 402 2287 st
425 2236 554 2301 recentem
584 2231 671 2285 adhuc
700 2231 851 2285 effusionem
885 2231 1023 2300 sanguinis
1046 2235 1181 2284 tantorum
1206 2231 1321 2284 virorum
1343 2229 1551 2284 admemoriam

376 2307 534 2370 revocantes,
553 2302 648 2372 grandi
660 2302 754 2355 timore
772 2302 942 2370 concutimur,
961 2304 989 2356 ot
1006 2318 1107 2354 moeror
1123 2300 1318 2354 inconsolabilis
1336 2303 1501 2355 renovatur.“

459 2376 484 2439 ·)
502 2374 561 2456 Vgl.
582 2373 625 2427 die
643 2372 782 2426 berlihmto
799 2371 1100 2442 Verteidigungssehrift
1117 2371 1269 2426 Bernhards
1288 2389 1311 2426 v.
1331 2370 1469 2426 Clairvaur
1490 2372 1547 2438 „llo

374 2445 605 2499 Consideratrone“
623 2443 671 2510 IV,
697 2461 719 2498 0.
738 2448 763 2510 3,
783 2444 799 2510 β
818 2447 834 2498 7
853 2443 1094 2514 (Separatausgaba
1113 2460 1135 2495 v.
1155 2441 1279 2506 Hurterlz
1308 2440 1396 2508 „Quid
1415 2444 1445 2494 tu
1464 2442 1548 2497 denuo

373 2532 499 2586 usurpare
522 2515 642 2584 gladium
667 2513 714 2584 (se.
738 2514 913 2580 materialem)
937 2517 1038 2578 tentes,
1062 2529 1139 2582 quem
1158 2513 1237 2566 semel
1254 2513 1342 2566 iussus
1360 2529 1388 2565 es
1407 2529 1502 2582 ponere
1521 2513 1547 2566 in

373 2586 517 2654 vaginam?
553 2584 636 2651 Quem
660 2588 750 2638 tamen
771 2585 817 2655 qui
839 2587 915 2638 tuum
933 2587 1027 2652 negat,
1051 2601 1104 2636 nou
1122 2582 1188 2636 satis
1206 2583 1272 2636 mibi
1291 2583 1395 2637 videtur
1412 2582 1549 2638 attendens

374 2657 480 2710 verbum
497 2656 604 2710 Domini
622 2655 735 2710 dicentis
753 2656 805 2709 sic:
835 2655 978 2723 „Converte
995 2653 1115 2722 gladium
1133 2657 1225 2706 tuum
1244 2653 1271 2706 in
1290 2654 1439 2722 0001100101ι
1475 2653 1548 2708 Turre

372 2745 434 2796 ergo
447 2727 501 2780 eti
551 2770 556 2794 ,
575 2731 622 2780 tuo
638 2726 750 2780 forsitan
767 2729 843 2792 nutu,
862 2727 913 2780 etsi
931 2743 982 2779 non
1001 2729 1048 2778 tua
1066 2741 1145 2778 manu
1164 2723 1350 2792 evaginandus.
1380 2723 1506 2806 Alioquin
1524 2727 1547 2779 si

371 2797 444 2852 nullo
458 2743 582 2852 modhead
600 2801 627 2852 te
644 2797 789 2867 pertineret
806 2800 835 2850 et
851 2797 883 2863 is,
902 2797 1051 2851 dicentibus
1063 2794 1212 2876 Apostolis:
1232 2793 1307 2856 ,11000
1320 2795 1371 2848 duo
1383 2794 1469 2863 gladii
1487 2795 1548 2862 hie,

373 2886 425 2923 non
437 2868 616 2939 respondisset
626 2867 769 2921 Dominus:
789 2867 869 2933 ,Satis
880 2870 939 2934 est‘,
958 2867 1004 2921 sed
1017 2866 1113 2932 ‚Nimis
1130 2869 1188 2920 eet‘.
1219 2864 1371 2948 Uterque
1389 2883 1469 2934 ergo
1486 2866 1548 2920 Ee·

371 2939 504 2994 clasiae
527 2943 598 2993 ets
626 2937 791 2992 iritualis
816 2938 959 2992 scilicet
982 2937 1118 3006 gladius
1142 2939 1179 2990 et
1201 2937 1413 3002 materialis3
1437 2937 1497 2991 ssd
1519 2938 1550 2992 is

373 3010 507 3134 [puidam
529 2957 780 3080 prohoemia,
807 3008 870 3062 ille
894 3025 970 3063 vero
996 3009 1038 3062 ab
1059 3007 1216 3061 Ecclesia
1241 3007 1454 3062 exercendus
1479 3010 1550 3062 est:

371 3082 381 3134 i
403 3081 433 3134 le
450 3081 659 3147 sacerdotis,
676 3079 707 3132 is
724 3079 851 3132 militis
868 3079 1042 3133 manu-sed
1061 3095 1142 3132 saue
1162 3079 1203 3132 ad
1220 3081 1334 3131 nutum
1352 3079 1550 3133 sacerdotis

372 3154 405 3205 et
428 3152 557 3205 iussum
581 3149 831 3220 imperatoris“.
867 3149 922 3203 Der
944 3149 1146 3218 Sehlusspassus
1168 3150 1206 3203 ist
1231 3149 1258 3203 in
1286 3149 1328 3202 die
1350 3149 1427 3203 Bulla
1446 3149 1549 3214 „Unam

372 3225 508 3276 sanctarn“
528 3221 733 3290 autgeuommen.
769 3220 829 3288 Vgl.
854 3220 922 3274 datu
939 3220 1084 3286 Reinlrens,
1111 3219 1195 3291 Papst
1212 3237 1238 3274 u.
1257 3221 1397 3290 Papsttum
1416 3220 1484 3274 nach
1503 3220 1550 3274 der
1576 3247 1579 3254 ·

372 3293 524 3362 Zeiohnung
542 3292 588 3346 des
605 3291 642 3346 hl.
662 3291 800 3345 Bernhard
817 3309 867 3345 von
880 3291 1030 3356 tlairvau13
1050 3291 1164 3357 Melitae,
1183 3291 1233 3345 Dis
1244 3291 1386 3345 Dekretals
1397 3292 1447 3345 Per
1465 3291 1548 3345 Vene-

370 3364 481 3418 rabilem
499 3381 549 3416 von
561 3363 688 3416 Innoosna
700 3362 750 3415 ΠΙ.
769 3361 843 3416 892
863 3362 881 3415 f.
899 3361 983 3429 (,‚Der
996 3361 1129 3428 Gadanke,
1148 3361 1211 3416 dass
1230 3361 1272 3416 die
1289 3361 1384 3416 beiden
1401 3361 1547 3416 Schwarter

371 3435 399 3488 in
417 3435 465 3488 der
482 3434 579 3488 Kirche
597 3451 623 3487 u.
642 3433 671 3486 in
693 3432 766 3486 ihrer
784 3431 888 3486 (1011011
904 3432 978 3498 sind,
1001 3432 1096 3500 gehtrt
1118 3433 1147 3486 in
1172 3431 1256 3486 dieser
1279 3432 1547 3487 eharalrteristisohen

370 3505 492 3573 Ilaaaung
510 3505 569 3558 dem
586 3504 623 3558 hl.
642 3503 780 3556 Bernhard
797 3521 846 3570 an,
864 3521 890 3556 u.
907 3501 967 3572 jene
985 3502 1099 3568 Stellam
1118 3520 1156 3556 wo
1174 3519 1202 3556 er
1220 3503 1305 3556 daven
1322 3502 1439 3572 sprioht,
1459 3503 1546 3557 lassen

371 3575 465 3629 lreineu
483 3575 586 3628 Zweifel
605 3574 727 3635 dardber,
745 3573 807 3626 dass
825 3590 854 3626 er
872 3572 1026 3627 derKirehe
1038 3573 1114 3627 boida
1125 3573 1258 3641 baigelegt
1270 3573 1380 3640 habe“l;
1398 3573 1546 3629 Bemhardi
1591 3631 1593 3636 ,

372 3663 395 3700 a.
410 3663 433 3700 a
447 3645 478 3700 0.
497 3646 524 3700 S.
540 3650 586 3699 181
598 3667 604 3712 ;
621 3644 772 3705 Berchtold,
785 3643 836 3696 Dis
848 3643 926 3698 Bulla
937 3643 1024 3698 Unam
1037 3643 1161 3698 Sanctam
1175 3644 1200 3698 S.
1216 3649 1327 3699 16-18.
1347 3644 1473 3713 Dagogen
1485 3645 1546 3699 Phi·

371 3717 449 3786 lipps,
467 3715 658 3770 Kirchenrecht
669 3714 704 3778 Π,
723 3714 750 3769 S.
765 3718 833 3769 1240
846 3733 871 3768 u.
884 3714 1088 3782 Hergenrdthor,
1107 3714 1277 3768 Katholisohe
1289 3714 1386 3769 Kirohs
1398 3730 1423 3769 u.
1442 3715 1547 3771 christi.

372 3787 450 3840 Stant
467 3787 495 3840 in
507 3787 578 3840 ihrer
589 3785 744 3854 geschichtl.
757 3785 943 3854 Entwiolrlung
955 3785 981 3838 S.
996 3789 1047 3839 382
1067 3786 1154 3852 1,,1100
1166 3785 1311 3839 matarielle
1322 3784 1441 3839 Schwert
1452 3785 1546 3852 gehbrt

373 3874 442 3910 zuar
465 3857 593 3910 aunachat
615 3857 674 3910 dem
699 3855 848 3910 weltiichen
866 3855 979 3910 Flirsten
998 3873 1045 3922 su,
1068 3855 1117 3909 soll
1142 3857 1204 3910 aber
1221 3856 1383 3910 mindestens
1401 3855 1470 3909 noch
1489 3857 1547 3910 dem

373 3928 443 3981 Rata
469 3945 494 3982 u.
514 3927 561 3981 der
577 3927 714 3997 Mabnung
732 3927 779 3981 der
796 3925 895 3980 Kirche
912 3927 1059 3994 gebraucht
1074 3927 1185 3981 werden.
1221 3925 1257 3980 Es
1276 3925 1370 3994 gehtrt
1388 3927 1434 3980 der
1451 3925 1548 3982 Kirche

373 3998 450 4053 nieht
467 3998 580 4064 absolut,
599 3998 711 4053 sondern
723 4014 774 4052 nur
785 3997 813 4052 in
825 3997 962 4066 gewissem
974 3997 1062 4063 Sinus,
1081 3999 1195 4052 insolern
1214 4013 1241 4051 es
1250 3996 1293 4051 ihr
1304 3997 1433 4052 Beistaud
1446 3997 1548 4066 leisten,

375 4069 415 4123 sie
434 4073 617 4123 unterstlitaen
637 4070 690 4123 und
709 4068 841 4124 schirmen
859 4068 917 4123 soll.
953 4069 1009 4123 Das
1027 4069 1089 4122 Bild
1111 4069 1160 4122 soll
1178 4068 1307 4122 runichst
1323 4067 1366 4122 die
1384 4069 1549 4138 notwendigs

371 4141 514 4195 Hannonis
535 4140 625 4193 beider
643 4138 779 4194 Gewalten
796 4140 998 4208 ausdrtclren“).
1018 4169 1051 4179 -
1069 4139 1117 4194 Ioh
1135 4139 1196 4208 llige
1213 4139 1306 4194 hieran
1324 4140 1381 4194 eine
1399 4139 1481 4195 Stella
1500 4157 1546 4196 aus

372 4211 431 4264 dem
443 4211 621 4280 Polycraticus
633 4210 690 4278 (IV,
708 4229 730 4266 c.
743 4214 771 4277 3)
789 4211 836 4265 des
849 4210 1006 4265 berdhmten
1018 4210 1201 4278 Zeitgenosaeu
1213 4209 1349 4264 Friedrich
1362 4211 1545 4278 Barbarossas,

371 4281 477 4336 Johann
495 4299 519 4336 v.
538 4281 689 4350 Salisbury:
718 4281 831 4347 „Hunc
856 4298 936 4350 ergo
960 4280 1111 4350 gladium
1130 4285 1176 4340 lso.
1197 4281 1367 4352 saecularem)
1389 4282 1428 4337 de
1447 4299 1548 4336 manu

371 4353 540 4407 eeclesiae
568 4353 701 4419 accipit
727 4353 904 4420 princeps,
933 4369 1012 4422 quum
1035 4352 1093 4422 ipsa
1116 4355 1205 4406 temen
1231 4351 1351 4420 gladium
1375 4353 1546 4422 sanguineum

371 4423 476 4478 omuino
499 4440 551 4477 nou
575 4422 681 4477 habeat
717 4421 808 4476 Habet
831 4426 920 4476 tamen
945 4426 972 4476 et
996 4423 1093 4489 istum,
1117 4423 1163 4476 sed
1186 4440 1215 4476 eo
1238 4424 1324 4477 utitur
1351 4440 1397 4492 per
1421 4423 1546 4494 principis

371 4509 486 4562 manum,
505 4493 548 4548 eui
565 4492 762 4549 coercendorum
781 4509 917 4564 corporum
935 4494 1047 4548 eontulit
1065 4496 1232 4562 potestatem,
1251 4493 1430 4564 spiritualium
1449 4495 1500 4549 sibi
1518 4494 1546 4548 in
