3617 5284
362 542 423 605 146

357 711 416 776 dus
440 711 587 777 diaconus
609 710 775 776 cardinalis
798 710 931 776 Sanctae
943 710 1090 793 Mariae)
1105 711 1139 774 in
1159 707 1220 773 Via
1240 709 1306 774 lata
1328 711 1359 774 et
1382 708 1536 792 Sy(mon)

358 797 490 863 Sanctae
510 798 629 862 Mariae
649 797 683 861 iu
706 796 880 880 Dompuica
910 800 941 862 et
963 797 1117 862 Sublaeus
1145 796 1254 873 abbas,
1283 800 1468 879 perpetuam
1494 796 1534 858 ·in

359 883 491 948 Domino
513 884 656 948 salutem.

441 970 488 1034 Ex
510 989 571 1051 quo
593 973 702 1033 contra
727 970 875 1034 honorem
904 968 1070 1034 aecclesiae
1097 968 1156 1032 Dei
1186 971 1218 1032 et
1248 966 1369 1050 imperii
1398 967 1535 1031 amicitia

355 1055 437 1120 inter
460 1053 618 1120 'domnum
646 1074 761 1138 papam
789 1054 964 1120 Adrianum
992 1057 1024 1120 et
1044 1054 1250 1118 Wilhelmum
1280 1052 1421 1118 Siculum
1451 1053 1533 1136 apud

356 1142 572 1207 Beneventum
600 1141 684 1206 facta
712 1143 773 1219 est,
801 1140 951 1206 dissensio
982 1143 1014 1205 et
1039 1140 1191 1205 discordia
1218 1159 1281 1204 uon
1306 1139 1429 1204 modica
1454 1140 1535 1203 inter

356 1227 528 1292 cardinales
543 1234 756 1292 sacrosanctae
770 1229 931 1292 10000000
953 1227 1118 1292 aecclesiae
1139 1246 1201 1291 nou
1224 1226 1289 1290 sine
1311 1244 1407 1290 cauea
1428 1226 1536 1290 oborta

356 1316 412 1390 est,
426 1314 515 1378 uobis
531 1314 655 1389 scilicet,
677 1313 730 1396 qui
746 1315 895 1379 honorem
911 1315 943 1377 et
956 1312 1141 1395 dignitatem
1156 1317 1281 1376 sanctae
1295 1311 1354 1376 Dei
1370 1311 1535 1376 eecclesiae

356 1402 388 1463 et
414 1399 537 1483 imperii
563 1399 744 1464 nullatenus
774 1399 905 1463 diminui
933 1399 1128 1475 volebamus,
1155 1397 1322 1474 amicitiae,
1351 1397 1535 1480 quaefacta

356 1483 459 1548 fuerat
480 1485 513 1548 iu
535 1485 759 1550 detrimentum
781 1485 947 1550 aecclesiae
970 1487 1002 1548 et
1022 1484 1158 1568 imperii,
1186 1502 1386 1566 nequaquam
1408 1501 1536 1548 cousen-

355 1570 514 1648 tientibus,
536 1571 605 1634 aliis
619 1589 700 1648 vero,
722 1571 784 1654 qui,
805 1571 938 1654 pecunia
952 1573 984 1634 00
997 1571 1106 1635 multis
1121 1569 1376 1653 promissionibus
1392 1569 1535 1645 obcecati,

356 1656 418 1720 iam
444 1656 526 1721 dicto
549 1656 652 1722 Siculo
682 1659 869 1722 tenebantur
891 1657 1024 1734 astricti,
1051 1657 1286 1721 conventionem
1308 1655 1408 1738 ipsam
1430 1655 1535 1719 taliter

356 1743 393 1805 ut
418 1741 552 1807 diximus
574 1741 755 1808 fabricatam
777 1745 922 1825 nequiter
943 1741 1180 1807 defendentibus
1203 1745 1235 1807 et
1257 1759 1353 1823 quam
1374 1743 1480 1824 plures
1501 1741 1533 1803 in

355 1830 477 1911 partem
491 1829 540 1892 sui
562 1829 673 1893 erroris
696 1828 934 1906 attrahentibus,
956 1830 1062 1893 nostro
1085 1829 1208 1892 conatui
1231 1833 1263 1892 00
1284 1827 1437 1891 voluntati
1461 1827 1534 1891 totis

355 1914 473 1978 viribus
488 1913 686 1998 pertinaciter
698 1915 924 1979 resistentibus.
960 1913 1094 1978 Proinde
1108 1913 1293 1998 procedente
1307 1915 1446 1996 tempore
1462 1931 1534 1976 cum

354 1999 418 2064 iam
439 1999 524 2064 fama
545 1999 654 2078 ferret,
683 2000 902 2084 imperatorem
923 1999 1049 2065 Italiam
1071 1999 1204 2063 intrasse
1226 2001 1258 2063 et
1278 1998 1445 2081 plurimam
1468 1998 1534 2062 eius

354 2088 476 2169 partem
504 2105 578 2150 suae
606 2087 754 2169 potestati
776 2086 974 2168 subiugasse,
1003 2084 1133 2168 predicti
1155 2084 1267 2148 fratres
1290 2083 1394 2150 Siculo
1417 2083 1534 2148 astricti

355 2170 506 2236 domnum
532 2190 647 2254 papam
676 2172 839 2237 sollicitare
870 2190 907 2236 00
928 2170 1147 2236 circumvenire
1169 2169 1253 2235 omni
1276 2171 1445 2252 sagacitate
1467 2188 1535 2234 coe-

354 2260 476 2340 perunt,
499 2257 641 2339 qualiter,
663 2258 770 2340 aliqua
784 2257 942 2323 0000010ηο
965 2258 1135 2340 assumpta,
1159 2256 1293 2322 domnus
1315 2257 1483 2340 imperator
1504 2257 1536 2319 et
1641 2253 1648 2266 '

355 2363 463 2408 omnes
478 2362 626 2425 sequaces
649 2344 716 2408 eius
743 2343 1051 2409 excommunicationi
1074 2342 1281 2407 subderentur
1311 2345 1343 2406 et
1363 2360 1419 2407 nos
1442 2341 1480 2406 ad
1503 2341 1534 2405 id

354 2427 531 2493 faciendum
559 2448 624 2493 una
652 2449 725 2493 cum
752 2429 819 2494 eius
849 2429 1024 2494 iuramento
1047 2429 1297 2511 astringeremirr.
1341 2427 1406 2492 Nos
1429 2433 1534 2493 autem

355 2517 481 2579 econtra
508 2514 658 2592 dimmus,
684 2514 787 2598 potius
811 2515 952 2580 Siculum
981 2514 1324 2590 excommunicandum,
1355 2514 1407 2595 qui
1431 2515 1535 2579 omnia

354 2601 425 2664 iura
439 2600 604 2665 aecclesiae
618 2604 685 2664 tam
699 2601 850 2684 spiritalia
865 2619 961 2682 quam
982 2600 1167 2684 temporalia
1180 2600 1331 2665 violenter
1354 2599 1534 2675 abstulerat,

356 2704 452 2768 quam
473 2687 706 2770 imperatorem,
728 2687 783 2769 qui
805 2686 970 2752 aecclesiae
992 2687 1152 2750 Romanae
1174 2687 1207 2750 et
1228 2685 1347 2770 imperii
1369 2686 1439 2750 iura
1459 2685 1535 2749 fide·

356 2771 428 2836 liter
443 2772 603 2837 laborabat
616 2792 799 2856 recuperare
814 2776 846 2838 et
860 2772 1040 2837 aecclesiam
1062 2771 1101 2836 de
1124 2771 1273 2837 servitute
1296 2771 1336 2835 ad
1357 2771 1534 2837 libertatem

354 2858 509 2923 reducere.
544 2857 612 2924 Hoc
627 2859 788 2924 audientes
801 2858 939 2923 fautores
956 2857 1061 2934 Siculi,
1083 2877 1102 2922 0
1123 2857 1187 2922 iam
1209 2856 1291 2924 dicto
1314 2857 1440 2923 oonsilio
1462 2877 1534 2922 cum

356 2945 467 3009 rubore
490 2944 687 3026 siluerunt*)

441 3031 486 3095 llo
508 3030 604 3113 igitur
632 3029 758 3095 consilio
786 3031 892 3095 nostro
919 3029 1022 3095 studio
1053 3031 1085 3094 et
1114 3031 1222 3094 exacta
1249 3029 1409 3111 diligentia
1430 3028 1535 3092 taliter

312 3186 314 3190 Α
356 3119 477 3181 cassato
500 3120 531 3181 et
552 3116 662 3180 exinde
683 3115 851 3180 venerabili
872 3114 968 3181 tratre
981 3118 1096 3180 nostro
1116 3114 1292 3194 Octaviano,
1312 3117 1388 3180 tunc
1410 3119 1535 3178 sauctae

356 3203 515 3267 Romanae
542 3202 707 3267 aecclesiae
759 3201 907 3266 resbitero
938 3201 1100 3280 cardinali,
1126 3221 1210 3266 nuno
1239 3200 1421 3285 apostolicae
1452 3199 1534 3264 sedis

355 3288 514 3372 pontifice,
536 3306 601 3352 una
627 3308 700 3352 cum
776 3289 825 3353 tre
845 3287 1015 3352 Wilholmo
1047 3288 1218 3370 presbitero
1250 3287 1398 3352 cardinali
1428 3285 1534 3350 Sancti

356 3373 442 3438 Petri
463 3374 501 3438 ad
518 3373 651 3439 Vincula
672 3374 711 3438 ad
725 3374 919 3457 imperialem
941 3369 1159 3438 celsitudinem
1177 3373 1362 3455 legationem
1377 3371 1535 3454 fungente,

356 3459 489 3524 domnus
518 3478 600 3543 papa
632 3479 704 3525 cnm
732 3460 791 3524 sibi
824 3459 1089 3525 consentientibus
1119 3461 1151 3524 et
1178 3458 1347 3543 supradicti
1375 3457 1534 3522 Wilhelmi

356 3545 529 3610 fautoribus
567 3546 686 3611 Urbem
723 3564 881 3628 egressus,
918 3545 1142 3627 anagniam
1173 3545 1307 3619 venit3
1341 3544 1406 3608 ubi
1439 3547 1536 3607 tuuc

357 3632 512 3696 demum
537 3631 757 3697 manifesta
785 3631 1088 3714 conspiratione
1115 3650 1250 3696 omnes
1279 3617 1425 3714 prefati
1446 3629 1536 3692 Wil-

356 3717 470 3782 helmi
491 3716 665 3783 fautores
687 3718 727 3782 in
747 3718 961 3802 presentia
983 3717 1114 3782 domui
1136 3735 1262 3800 papae
1284 3716 1536 3781 sacramento

446 3889 472 3958 a)
490 3887 604 3942 Sanctae
621 3886 722 3943 Mariae
734 3930 740 3944 .
754 3928 761 3944 .
775 3929 782 3942 .
795 3888 824 3942 iu
841 3887 988 3958 Dompuica
1005 3887 1073 3942 fehlt
1089 3887 1151 3942 Rec.
1170 3885 1202 3943 Β.

446 3975 470 4042 *)
489 3975 549 4045 Vgl.
568 3975 704 4101 ngnttglriffl
721 3975 880 4102 ¹vlimlb'itarbo,
900 3973 1140 4101 Gaetdteffidffl
1145 3975 1219 4045 (11):
1248 4049 1262 4100 t

791 4063 860 4102 esra:
896 4062 940 4100 ars
958 4063 974 4100 a
1013 4063 1043 4100 ra
1156 4062 1270 4111 recusa,

568 4118 679 4172 Munera
696 4117 845 4188 despiciunt
862 4062 896 4171 ed
908 4117 997 4171 federa
1014 4064 1099 4171 Grelda
1117 4117 1227 4183 rebrtat3

570 4187 674 4243 Cesaris
692 4189 791 4242 auxilia
808 4205 870 4258 pars
887 4188 1001 4242 retinere
1017 4190 1104 4270 putat

568 4259 628 4313 Hac
645 4260 673 4314 in
691 4263 767 4330 parte
783 4275 878 4313 manus
895 4259 971 4312 misit
987 4275 1059 4382 0000
1077 4257 1246 4326 Octavianus,

569 4328 707 4400 Gnidoque
725 4330 882 4396 (tremamus,
900 4330 941 4383 vir
958 4346 992 4383 no
1010 4329 1054 4383 ilis
1072 4331 1101 4383 00
1117 4332 1263 4396 ueteranus,

567 4399 604 4454 Et
620 4400 715 4471 reliqui
732 4417 821 4455 secum
838 4400 965 4455 adamata
981 4401 1061 4469 longa
1078 4403 1180 4470 000000.

569 4471 636 4525 Pars
652 4474 857 4526 monocratorem
875 4471 951 4541 pleno
970 4471 1039 4525 foret
1056 4471 1111 4524 ista
1127 4470 1222 4524 favore.
