3617 5284
346 570 408 636 132

343 741 428 821 lii2),
449 743 722 808 totiusterrae
737 742 977 808 cometissae
997 739 1224 819 hlahtildis,
1245 742 1371 808 totius
1386 746 1522 808 terrae

344 846 444 911 quae
472 829 518 893 ab
547 827 864 912 Aquapendentc
891 834 956 893 est
990 846 1115 910 usque
1150 826 1318 905 Romam,
1351 829 1522 896 ducatus

344 913 569 998 spoletani,
591 913 814 979 insularum
830 913 1044 992 Sardiniae,
1066 913 1261 979 Corsicae.
1283 913 1522 981 Domncautem

340 1000 526 1084 imperatore
555 1018 649 1083 super
672 1000 722 1065 his
748 999 905 1065 iusticiam
928 1003 959 1065 et
981 999 1146 1064 eonsilium
1167 1002 1346 1066 constanter
1366 1000 1522 1080 offerente,

342 1087 368 1150 si
397 1088 430 1151 et
454 1085 515 1171 ipsi
534 1085 691 1150 iusticiam
711 1087 828 1152 vellent
849 1086 949 1152 tacere
972 1089 1004 1152 et
1023 1086 1181 1170 recipere,
1207 1086 1270 1151 illis
1291 1105 1364 1152 vero
1385 1089 1521 1172 recipere

340 1174 468 1237 tantum
493 1171 669 1238 volentibus
697 1174 730 1237 et
758 1171 964 1250 nonfacere,
997 1173 1055 1237 hac
1092 1173 1229 1250 ratione,
1262 1172 1346 1255 quod
1372 1171 1521 1238 domnum

342 1257 546 1344 apostolicum
560 1259 704 1323 causael)
725 1259 864 1324 subicere
887 1277 924 1324 ac
944 1257 1055 1323 iudicio
1078 1258 1188 1323 sistere
1208 1277 1272 1322 non
1293 1261 1429 1343 possent
1450 1263 1482 1325 et
1503 1279 1521 1326 e

342 1345 546 1411 contrario
576 1343 716 1410 domno
737 1345 978 1428 imperatore
1010 1345 1138 1409 multa
1168 1345 1521 1430 proponente*)'de

340 1501 379 1554 ist
395 1517 454 1554 vom
470 1499 655 1570 Stendpunkte
673 1499 720 1555 des
736 1498 928 1554 Absehreibers
956 1500 1014 1556 eine
1043 1499 1239 1555 vermeintliche
1256 1499 1385 1554 Verbosae
1471 1517 1521 1556 von

339 1571 445 1626 Tiburti
459 1572 488 1626 in
505 1571 614 1625 tributis
629 1570 878 1625 wahrscheinlicher
896 1572 938 1626 als
949 1571 992 1626 ein
1003 1571 1164 1625 Verderbuis
1175 1587 1224 1625 von
1242 1571 1352 1626 tributis
1369 1571 1440 1625 in‘l'i
1457 1572 1519 1628 urti.

431 1643 458 1709 a)
475 1641 569 1696 licler
587 1640 658 1696 aieht
676 1641 765 1696 diesen
776 1641 881 1695 Namen
893 1658 952 1696 zum
971 1641 1202 1711 vcruusgehenden
1221 1641 1339 1710 (massa
1350 1641 1447 1766 lise?
1458 1643 1520 1710 'a“).

340 1712 388 1766 Ich
405 1712 479 1767 hulte
505 1729 533 1766 es
559 1712 611 1766 mit
628 1711 798 1767 Giesebreoht
824 1712 879 1765 und
908 1712 996 1766 Waita
1018 1713 1062 1766 uu
1079 1711 1224 1779 rweifcllos,
1255 1711 1317 1766 dass
1341 1712 1393 1766 mit
1438 1712 1520 1768 .Fio·

342 1784 429 1838 carolo
451 1783 562 1908 gorda.
587 1799 637 1837 von
660 1782 782 1849 Ferrara)
804 1783 958 1836 bezeichnet
983 1783 1034 1850 ist,
1059 1782 1179 1836 verstehs
1204 1783 1266 1836 aber
1289 1783 1419 1838 trctadem
1443 1787 1521 1838 unter

342 1854 434 1908 Massa
472 1853 494 1908 'e
510 1854 602 1908 Massa
611 1852 752 1922 Fiscaglia,
770 1853 813 1906 ein
826 1851 923 1908 Gebiet
934 1853 995 1908 dstl.
1007 1871 1032 1907 v.
1044 1851 1164 1909 Ferrare.
1186 1852 1215 1923 b)
1227 1853 1295 1906 fehlt
1305 1854 1334 1906 in
1345 1853 1407 1910 Rea
1417 1852 1441 1907 l
1452 1871 1477 1909 u.
1487 1854 1519 1910 B.

429 1923 516 1990 ⁸)Die
536 1923 659 1979 hntw0rt
675 1921 826 1978 Friedrichs
850 1925 898 1977 auf
916 1923 959 1978 die
983 1923 1148 1994 pdpstlichen
1165 1921 1350 1992 Fordenrngen
1369 1925 1521 1978 tiberliefert

341 1994 506 2050 ausffihrlich
522 1995 649 2064 Ragewin
659 1993 706 2062 IV,
725 2011 747 2049 e.
760 1998 809 2049 35:
828 1993 1032 2065 ,dipiecuporum
1050 1993 1148 2048 Italiae
1165 2011 1213 2062 ego
1232 1993 1338 2065 quidem
1355 2011 1408 2049 non
1426 1995 1520 2049 allecto

339 2065 499 2129 hominium,
520 2066 544 2120 si
561 2069 651 2120 temen
668 2068 697 2119 et
713 2081 757 2119 eos
776 2065 809 2119 de
826 2065 926 2119 nostris
944 2064 1078 2134 regalibus
1094 2064 1178 2120 nichil
1197 2064 1313 2119 ddectat
1329 2065 1433 2122 hebere.
1468 2065 1520 2131 Qui

340 2137 364 2190 si
381 2139 520 2206 gratanter
537 2136 671 2218 audierint
687 2135 832 2191 aRomano
850 2136 985 2219 praesule:
1011 2133 1088 2217 ,Quid
1106 2135 1204 2218 tibist*
1220 2135 1307 2218 regil‘
1333 2140 1520 2220 consequenter

339 2223 457 2332 titt
469 2204 1519 2350 iiiidimittileth²hlffiprsdihi¹?itffihi

339 2348 363 2402 si
389 2349 457 2403 forte
484 2349 580 2431 uliquis
606 2347 786 2419 episcoporum
813 2348 896 2403 habet
922 2348 951 2402 in
979 2364 1025 2401 suo
1051 2348 1156 2418 propriu
1182 2348 1237 2401 sclc
1261 2352 1289 2402 et
1311 2365 1364 2403 non
1382 2349 1411 2404 in
1429 2352 1519 2403 nostro

357 2419 476 2475 ulatium,
508 2417 537 2472 Sr
548 2421 637 2472 autam
648 2419 778 2473 innostro
790 2419 846 2473 solo
860 2422 889 2473 et
900 2417 997 2472 allodio
1007 2421 1070 2472 sunt
1081 2418 1183 2488 palatia
1191 2419 1378 2501 episcopomm,
1391 2437 1450 2474 oum
1461 2435 1519 2490 pro-

337 2436 407 2544 fecto
424 2507 499 2544 omne
516 2489 587 2574 quod
603 2488 771 2543 hedificetur
788 2489 843 2543 solo
861 2489 947 2557 cedat,
964 2491 1057 2543 nostra
1073 2492 1138 2542 sunt
1154 2491 1183 2542 et
1199 2489 1308 2559 palatia.
1337 2489 1439 2544 Iniuria
1456 2507 1518 2560 ergo

338 2564 422 2627 esset,
447 2561 470 2615 si
488 2577 547 2632 qurs
564 2560 674 2615 nuncios
691 2562 795 2614 noshos
813 2559 928 2643 eregiis
945 2559 1053 2630 palatiis
1079 2559 1236 2629 prohiberet
1277 2559 1390 2642 lagatos
1406 2561 1448 2644 ⁸ub
1469 2561 1517 2615 im-

338 2629 1519 2782 ffitobbatidPbbbienbitnbbmfflbbi&uffinfflzblfflssabbmumblesffantbbrfflmlbgntbabbb

339 2775 370 2826 et
388 2773 477 2842 gravis
495 2771 662 2842 graviorique
679 2776 707 2826 et
723 2771 861 2826 maturiori
879 2788 960 2840 egens
979 2771 1094 2826 ecnsrlro.
1131 2770 1202 2824 Nam
1219 2787 1278 2825 eum
1291 2772 1381 2826 divim
1393 2772 1519 2827 ordinati·

339 2859 388 2898 one
411 2860 460 2912 ego
484 2843 618 2898 Romanus
642 2843 785 2913 imperator
806 2845 835 2896 et
859 2841 933 2896 dicar
955 2845 984 2896 st
1006 2841 1064 2909 sim,
1089 2841 1200 2912 mdem
1227 2843 1333 2896 tantum
1358 2842 1518 2898 dominantis

312 2958 314 2963 .
337 2913 435 2983 affingo
446 2918 474 2968 et
482 2914 561 2968 inane
578 2913 671 2984 utique
681 2915 756 2984 porto
773 2929 867 2966 nomen
880 2929 911 2967 uc
927 2912 984 2966 sine
998 2928 1040 2980 rc,
1059 2911 1083 2966 si
1098 2913 1172 2967 urbis
1180 2912 1280 2968 Rom
1294 2913 1327 2968 de
1336 2929 1415 2968 manu
1427 2919 1517 2968 nostra

374 2985 689 3039 tastasfmmtercnssaf‘
707 2983 773 3038 Was
791 2983 846 3038 die
863 2986 958 3037 arete
976 2981 1517 3066 derptpstlichenForderungeu

339 3001 451 3123 bbuim,
476 3071 505 3109 ao
528 3055 589 3108 sind
605 3055 657 3108 mit
674 3054 724 3108 den
742 3053 830 3108 nuntii
848 3052 1102 3108 ausserurdenthche
1119 3053 1255 3108 Vcrtreter
1277 3054 1324 3108 der
1346 3054 1519 3110 kaiserliuhen

339 3122 444 3180 Gewult
460 3125 529 3180 nach
547 3125 617 3179 allen
634 3125 803 3193 Richtungen
825 3124 872 3178 hin
956 3124 1019 3179 sint.
1055 3114 1127 3178 Uber
1149 3123 1207 3178 ihre
1224 3124 1409 3180 riohterliehen
1424 3125 1489 3180 Befu

336 3195 408 3250 nisse
425 3198 477 3265 agl.
496 3195 561 3249 vita
577 3195 709 3250 Ludowici
726 3194 769 3249 Pii
786 3213 808 3250 c.
828 3200 875 3263 383
931 3193 1465 3266 .G.S.S.11‚aaa:(3um(1athariue)
1503 3213 1518 3252 a

337 3266 380 3321 hie
399 3284 466 3338 quae
485 3269 650 3320 accesserant
667 3270 826 3336 quereretur,
846 3283 927 3336 quare
945 3267 1047 3321 scilicet
1064 3265 1101 3333 hi,
1126 3267 1171 3336 qui
1193 3267 1346 3336 imperatori
1364 3267 1415 3321 sibi
1433 3285 1466 3322 ue
1489 3269 1518 3322 et

338 3337 448 3392 Francis
471 3337 562 3392 fideles
586 3338 692 3391 fuerant
717 3337 776 3406 (der
802 3336 950 3408 ptpstliche
972 3336 1140 3391 Primicerius
1164 3335 1313 3391 'theodores
1341 3338 1398 3392 und
1416 3283 1517 3394 (besson

337 3407 562 3478 Schwiegerschn,
586 3408 632 3462 der
655 3407 845 3463 Ncmenlrlator
869 3407 941 3476 Leo),
1027 3406 1155 3478 perempti
1178 3408 1278 3462 fuerim
1305 3411 1333 3462 et
1355 3409 1401 3479 qui
1427 3425 1516 3480 super·

335 3479 461 3546 viverent,
487 3478 679 3534 ludibrio...
703 3478 871 3547 haberentur,
899 3495 981 3550 quare
1009 3478 1090 3534 etiam
1117 3481 1209 3532 tantm
1237 3477 1368 3548 querellae
1392 3479 1517 3534 adversm

335 3549 512 3604 Romanorum
554 3548 673 3604 outificee
701 3549 852 3620 iudicesque
878 3552 1011 3617 sonarent,
1036 3551 1169 3632 repertum
1186 3551 1235 3616 est,
1259 3549 1328 3619 quud
1353 3550 1516 3621 quorundam

336 3620 489 3692 pontificum
507 3567 708 3703 vebignoraptia
724 3620 766 3674 uel
785 3620 894 3703 desidia,
914 3621 961 3675 sed
979 3623 1007 3675 et
1015 3619 1132 3674 iudicum
1145 3661 1151 3675 .
1164 3661 1190 3676 ..
1208 3619 1358 3690 inexplebili
1371 3621 1517 3703 cupiditate

335 3692 479 3746 multorum
496 3691 605 3762 praedia
622 3694 722 3745 rmuste
738 3691 837 3746 luennt
854 3691 1004 3746 confiscata
1042 3690 1156 3761 Ideoque
1173 3689 1315 3759 reddendo,
1334 3707 1401 3762 quae
1418 3692 1516 3745 rniusta

336 3762 429 3887 aglata
444 3765 531 3886 erantt',
550 3761 708 3886 chtztharius
725 3778 851 3830 magnam
868 3762 965 3833 populo
977 3763 1095 3816 Romam
1107 3761 1207 3816 creavit
1218 3761 1357 3816 laetitiam.
1379 3761 1516 3816 statutum

335 3849 350 3887 e
373 3850 416 3888 am
442 3850 499 3887 rur
522 3849 538 3886 a
561 3849 603 3887 an
628 3849 639 3886 1

643 3849 745 3956 guum
762 3849 897 3901 morem,
924 3836 955 3886 ut
972 3849 1010 3888 ex
1027 3833 1144 3887 latere
1163 3831 1385 3903 imperatoris
1404 3833 1517 3888 mitte·

335 3908 471 3971 rentur,
507 3903 567 3975 qui
602 3904 636 3957 iu
667 3902 829 3957 iciariam
858 3905 1064 3958 exercentes
1095 3905 1311 3973 potestatem
1341 3903 1516 3958 iusticiam

334 3973 564 4100 omninffipulc
644 3990 750 4109 sebna
768 3974 868 4028 lance
886 3974 1089 4045 penderent.
1125 3972 1187 4027 Und
1207 3973 1255 4028 das
1273 3973 1384 4028 Pactum
1396 3973 1516 4028 lotharii

504 4048 556 4099 824
576 4045 624 4111 (Μ.
636 4042 669 4099 G.
713 4046 891 4115 uertausgabe
909 4045 956 4099 der
973 4043 1158 4115 Kapitularien
1176 4043 1212 4112 11,
1231 4044 1253 4112 l,
1272 4047 1325 4099 332
1342 4044 1371 4112 t,
1389 4061 1429 4100 nr.
1451 4049 1515 4113 1613

333 4046 632 4170 bbffier-Mtrhtbaeher
656 4132 696 4170 nr.
723 4116 786 4187 988)
810 4133 832 4171 o.
859 4121 894 4171 4:
921 4114 1057 4182 Volumus,
1085 4117 1117 4168 ut
1140 4114 1239 4169 missi
1263 4115 1460 4170 constituantur
1483 4116 1516 4171 de

333 4191 409 4257 parte
428 4187 455 4242 d.
473 4185 610 4257 apostolici
628 4189 657 4239 et
673 4188 773 4253 nostre,
793 4187 839 4256 qui
857 4185 995 4240 annuatim
1012 4185 1089 4240 nobis
1106 4186 1258 4240 renuntiare
1268 4186 1382 4252 valeant,
1401 4187 1516 4257 qualiter

334 4257 432 4326 singuli
451 4258 530 4311 duces
554 4259 581 4310 et
605 4256 705 4310 iudices
734 4255 866 4311 iustitiam
889 4257 990 4311 faciant
1013 4255 1108 4328 populo
1126 4258 1155 4310 et
1172 4255 1300 4327 quomodo
1318 4260 1436 4311 nostram
1455 4273 1514 4312 con·

333 4328 499 4410 stitutionem
527 4327 673 4382 observent,
719 4324 771 4408 Qui
788 4328 873 4410 ‘missi
959 4328 1073 4410 primum
1096 4329 1208 4410 ‘amotos
1235 4327 1368 4411 clamores,
1397 4329 1442 4398 qui
1482 4344 1515 4412 ¹r⁸

332 4397 1318 4540 tattttttdttdlattttrtdtltuttttt“tltttl
1332 4397 1515 4524 hillini

332 4539 406 4610 ipsae
423 4541 594 4596 necessitates
618 4539 773 4594 emendatae
798 4544 853 4608 eut,
880 4540 904 4594 si
931 4556 992 4608 nun,
1019 4556 1078 4611 per
1103 4542 1258 4594 nostrum
1285 4539 1420 4596 missum
1447 4541 1515 4595 fiat
