3617 5284
348 542 411 617 ,38

368 711 550 776 fidelitatem
573 730 610 774 er
630 713 718 793 parte
739 713 842 774 vestra
864 709 943 773 dono
966 709 1079 790 largior
1101 714 1133 772 et
1149 708 1296 783 concedo,
1317 708 1462 773 omnibus
1485 708 1542 772 sibi

368 796 500 860 fideliter
521 795 759 860 adhaerentibus
782 797 1006 860 absolutionem
1022 796 1161 858 omnium
1177 799 1374 878 peccatorum
1395 799 1546 858 vestram-

369 901 429 964 que
451 882 695 946 benedictionem
717 881 748 944 in
771 881 829 944 hac
850 881 915 944 vita
935 885 967 944 et
989 882 1022 944 in
1043 880 1158 955 futura,
1179 885 1283 944 vestra
1304 881 1402 944 fretus
1425 880 1544 956 fiducia,

367 968 490 1050 largior.
536 967 624 1032 Siout
646 969 729 1031 enim
750 965 915 1030 Heinricus
939 986 994 1050 pro
1017 985 1074 1030 sua
1096 966 1241 1049 superbia
1262 965 1491 1031 inoboedientia
1512 971 1544 1029 et

368 1053 505 1117 falsitate
539 1053 666 1135 aregni
700 1051 853 1133 dignitate
886 1052 968 1116 iuste
995 1052 1140 1128 abicitur,
1176 1052 1223 1115 ita
1243 1051 1376 1116 Rodullo
1403 1071 1458 1134 pro
1488 1071 1546 1115 sua

368 1139 545 1202 hnmilitate
567 1137 761 1203 oboedientia
782 1143 814 1202 et
835 1137 966 1202 veritate
986 1140 1125 1222 potestas
1151 1142 1183 1201 et
1204 1137 1341 1219 dignitas
1363 1137 1450 1218 regni
1473 1157 1545 1201 oon·

369 1223 496 1290 cchtur.

294 1293 298 1312 '
453 1311 545 1392 Agite
567 1329 651 1374 nunc
672 1328 776 1392 quase,
798 1311 902 1392 patres
929 1313 961 1372 et
981 1309 1135 1393 principes
1157 1309 1354 1385 sanctissimi,
1388 1312 1424 1371 ut
1445 1309 1545 1373 omnis

369 1396 504 1460 mundus
527 1396 736 1477 intelligebat
758 1399 931 1477 cognoseat,
965 1395 1046 1477 quia,
1079 1396 1105 1458 si
1127 1396 1258 1477 potestis
1287 1395 1320 1458 in
1342 1395 1425 1458 coelo
1447 1393 1545 1475 ligare

369 1487 401 1546 et
422 1482 548 1560 solvere,
580 1482 711 1565 potestis
739 1481 771 1545 in
802 1485 885 1544 terra
907 1480 1039 1565 imperia
1059 1499 1156 1563 regna
1187 1481 1380 1563 principatus
1413 1479 1545 1543 ducatus

368 1569 522 1632 marchias
544 1569 710 1632 maritatus
733 1571 764 1632 ot
786 1567 926 1630 omnium
948 1567 1110 1631 hominum
1131 1567 1341 1650 possessiones
1356 1566 1545 1648 promeritis

369 1653 475 1718 tollere
497 1653 665 1734 unicuique
688 1656 719 1716 et
740 1651 914 1716 concedere.
952 1652 1016 1716 Vos
1038 1653 1122 1715 emm
1143 1651 1372 1734 patriarchatus
1393 1652 1546 1734 primatus

368 1739 649 1822 archiepiscopatus
671 1739 865 1821 episcopatus
887 1737 1065 1820 frequenter
1086 1737 1205 1802 tulistis
1222 1738 1325 1820 pravis
1347 1742 1380 1800 et
1401 1737 1545 1818 indignis,

369 1829 400 1888 ot
421 1824 573 1906 religiosis
595 1824 669 1888 viris
691 1823 829 1887 dedistis,
874 1823 910 1888 si
932 1824 1015 1887 enim
1036 1824 1211 1908 spiritualia
1232 1823 1383 1898 iudicatis,
1409 1823 1484 1903 quid
1507 1823 1546 1886 de

368 1910 578 1975 saecularibus
592 1929 646 1974 vos
662 1928 752 1992 posse
767 1907 956 1974 credendum
970 1910 1061 1974 estre
1087 1909 1129 1972 Et
1150 1911 1176 1973 si
1192 1909 1326 1990 angelos,
1348 1908 1545 1972 dominantes

368 1996 511 2060 omnibus
533 1996 673 2078 superbis
695 1994 892 2078 prinpribus,
914 1994 1101 2069 iudicabitis,
1131 1995 1206 2076 quid
1236 1994 1275 2058 de
1303 1995 1426 2057 illorum
1447 1995 1545 2058 servis

368 2081 468 2146 facere
489 2081 636 2164 potestis!
658 2080 829 2145 Addiscant
849 2099 934 2144 nunc
954 2100 1044 2163 reges
1066 2087 1098 2144 et
1119 2100 1227 2146 omnes
1250 2080 1365 2145 saeculi
1382 2080 1545 2163 principes,

368 2167 477 2248 quanti
503 2186 557 2230 vos
586 2169 670 2244 estis,
704 2166 778 2248 quid
804 2167 954 2249 potestis;
988 2171 1020 2230 et
1048 2168 1181 2231 timeant
1207 2166 1294 2249 parvi
1322 2165 1455 2248 pendere
1482 2169 1546 2229 ius-

368 2253 485 2316 sionem
508 2253 652 2316 eoolesiae
674 2257 803 2316 restrae.
836 2252 878 2316 Fit
900 2252 933 2314 in
954 2251 1111 2335 praedicto
1125 2252 1271 2316 Heinrioo
1294 2256 1359 2315 tam
1382 2253 1443 2315 cito
1465 2251 1546 2314 iudi-

367 2337 450 2402 cium
471 2343 610 2402 vestrum
633 2342 779 2415 exercete,
811 2343 849 2401 ut
870 2357 979 2401 omnes
1009 2338 1116 2414 sciant,
1151 2339 1225 2420 quia
1252 2357 1317 2402 non
1338 2337 1469 2401 fortuitu
1490 2336 1545 2400 sed

366 2430 471 2488 vestra
490 2426 645 2506 potestate
667 2423 764 2487 cadet.
814 2423 1043 2497 confundatum
1066 2425 1188 2487 utinam
1210 2423 1250 2487 ad
1271 2424 1486 2507 penitentiam,
1509 2427 1546 2486 ut

368 2509 496 2592 spiritus
520 2510 561 2572 sit
583 2510 687 2573 salvus
709 2511 742 2572 in
765 2509 814 2572 die
836 2509 972 2573 Domini.

452 2597 530 2659 Acta
551 2595 650 2659 Rome
672 2594 771 2659 Nonis
793 2595 910 2672 Martii,
932 2593 1100 2660 indictione
1122 2595 1151 2659 3.

858 2797 1067 2806 ——-—-—-

457 2923 515 3009 ll.
541 2924 705 3010 losclluss
730 2925 788 3010 dor
813 2925 932 3032 synodo
957 2949 996 3010 zu
1023 2924 1148 3022 lrircn,
1173 2923 1225 3009 a,
1251 2922 1324 3009 Irni
1350 2923 1443 3010 loto.

559 3067 634 3135 (Cod.
652 3068 771 3122 Udalrici
790 3068 837 3123 Nr.
860 3074 921 3136 161;
940 3069 1010 3124 Mon.
1030 3067 1117 3123 Germ.
1135 3068 1205 3137 legg.
1223 3068 1260 3134 II,
1280 3072 1309 3122 51
1325 3068 1355 3131 f.)
1441 3068 1443 3071 ’

452 3199 540 3262 Anno
556 3197 726 3262 dominicae
741 3198 961 3262 incarnationis
979 3199 1070 3273 1080,
1089 3198 1246 3262 mediante
1259 3199 1456 3262 serenissimo
1473 3219 1545 3280 rege

366 3283 511 3347 Heinrioo
531 3283 584 3346 IV.
608 3303 688 3348 anno
710 3286 797 3366 regni
821 3286 887 3348 eius
910 3286 990 3347 26.¹³l
1013 3283 1178 3348 7Kalend.
1193 3283 1265 3347 Iulii
1288 3284 1365 3347 feria
1379 3286 1409 3346 5.
1433 3284 1500 3347 Ind.
1515 3288 1545 3348 3.

366 3387 437 3432 cum
460 3369 543 3451 apud
564 3369 725 3433 Brixinam
747 3369 891 3434 Noricam
911 3371 954 3434 30
976 3371 1188 3454 episcoporum
1210 3373 1389 3446 conventus,
1410 3390 1544 3435 necnon

366 3459 398 3518 ct
412 3456 598 3537 optimatum
615 3457 774 3532 exercitus,
796 3475 859 3519 non
874 3457 975 3520 solum
989 3456 1098 3519 Italiae
1121 3455 1175 3519 sed
1196 3460 1227 3518 ct
1243 3454 1436 3532 Germaniae,
1458 3457 1546 3520 iussu

366 3541 450 3620 regio
466 3545 712 3622 congregaretur,
734 3541 816 3606 facta
840 3546 887 3605 est
902 3561 960 3606 vor
974 3561 1038 3605 una
1058 3542 1144 3605 velut
1167 3541 1205 3604 ab
1219 3559 1272 3605 ore
1294 3542 1433 3605 omnium
1456 3545 1546 3607 terri·

367 3626 470 3689 biliter
499 3629 754 3707 conquerentium
784 3646 877 3710 super
904 3627 1081 3691 truculenta
1100 3628 1229 3690 vesania
1252 3627 1416 3692 cuiusdam
1437 3629 1545 3692 Hilde-

366 3711 475 3774 brandi
497 3711 773 3795 pseudomonachi,
801 3713 940 3794 Gregorii
970 3732 1067 3796 papae
1095 3713 1220 3795 septimi
1242 3715 1463 3794 cognominati,
1491 3733 1546 3778 cur

366 3801 431 3860 tam
454 3796 507 3861 diu
529 3799 629 3880 ipsam
657 3817 711 3862 rex
738 3817 860 3881 semper
881 3799 1015 3862 Invictus
1054 3801 1171 3862 saevire
1199 3803 1359 3882 pateretur
1388 3801 1545 3875 intactam,

367 3901 439 3946 cum
461 3902 515 3947 vas
538 3882 695 3948 electionis
710 3883 828 3948 Paulus
850 3888 993 3960 testetur,
1014 3887 1186 3967 principem
1199 3905 1262 3948 non
1277 3887 1343 3949 sine
1358 3905 1452 3948 causa
1466 3885 1545 3948 forre

366 3968 520 4050 gladium,
550 3973 581 4032 et
601 3969 714 4034 Petrus
737 3971 946 4053 apostolorum
969 3971 1089 4052 primus
1117 3989 1179 4034 non
1208 3971 1308 4034 solum
1329 3989 1435 4050 regem
1456 3989 1545 4053 prae·

366 4055 483 4130 cellere,
504 4073 613 4118 verum
635 4056 729 4120 duces
752 4057 790 4120 ab
813 4075 848 4119 eo
870 4055 1040 4120 mittendos
1062 4075 1137 4132 esse,
1160 4057 1286 4132 clamet,
1315 4055 1355 4119 ad
1376 4056 1545 4120 vindicta-m

365 4139 508 4203 videlicet
530 4141 692 4216 malorum,
715 4141 754 4205 ad
776 4141 901 4206 laudem
923 4161 995 4205 vero
1016 4143 1176 4206 bonorum.
1219 4141 1269 4206 Ad
1291 4160 1423 4223 quorum
1448 4142 1545 4223 igitur

367 4224 610 4290 satisfactionem
627 4228 727 4291 visum
750 4231 798 4291 est
819 4228 876 4310 ipsi
896 4227 1116 4308 gloriosissimo
1131 4228 1197 4309 regi
1211 4227 1463 4310 principibusque
1478 4229 1545 4292 eius

366 4311 493 4389 iustum,
518 4318 552 4375 ut
574 4313 723 4377 iudicium
739 4315 951 4396 episcoporum
966 4311 1087 4376 divinae
1103 4311 1376 4377 animadversionis
1391 4314 1546 4378 sententia

371 4441 577 4452 ...κ-...ψ

454 4485 480 4554 a)
498 4483 559 4556 Vgl.
577 4483 695 4538 Martans
713 4501 736 4538 a.
757 4500 780 4538 a.
799 4481 831 4539 Ο.
851 4482 877 4537 S.
897 4487 931 4539 63
950 4483 977 4537 ff.
1014 4482 1042 4554 b)
1061 4481 1124 4539 coa.
1143 4481 1193 4537 Ud.
1213 4483 1263 4538 hat
1279 4482 1379 4540 XXIII.
