3617 5284
1382 528 1424 592 43

249 698 373 764 inimici.
427 699 488 764 Hic
508 699 592 764 enim
613 719 668 784 per
690 698 898 766 amicitiarum
919 700 1062 784 speciem,
1094 718 1174 782 qnae
1195 695 1321 764 ininrica
1341 701 1425 777 sunt

251 785 345 867 gerit;
380 788 412 850 et
435 786 596 851 ecclesiam
625 785 774 870 dispergit
796 805 832 851 ac
853 788 981 851 vasum
1038 785 1123 850 Nota
1144 805 1225 868 ergo,
1258 785 1425 863 canusima,

251 871 380 948 sicum,
414 871 467 954 qui
490 871 626 935 amicitia
647 873 696 936 vel
728 873 878 954 colloquio
900 872 948 948 iis,
980 872 1093 954 quibus
1115 890 1196 955 papa
1227 892 1282 954 pro
1295 871 1425 937 actibus

251 957 315 1021 suis
343 976 471 1022 aversus
502 961 558 1034 est,
591 958 735 1033 sociatur,
768 961 836 1022 tam
861 957 997 1040 graviter
1027 957 1152 1033 iudicat
1188 960 1308 1041 quanta
1335 958 1426 1021 illum

249 1043 360 1127 ipsum,
383 1043 434 1107 cni
454 1063 509 1126 pro
532 1043 652 1108 actibus
673 1043 737 1108 stris
760 1063 887 1108 aversus
909 1046 965 1119 est,
987 1043 1252 1108 anImadrersione
1267 1044 1426 1127 dampnat

335 1146 398 1211 Sed
409 1151 446 1211 ut
457 1146 571 1211 adrem
580 1147 761 1222 redeamus3
776 1147 859 1212 itane
870 1146 1015 1228 dignitas,
1028 1146 1266 1210 asaecnlaribus
1276 1183 1317 1191 -
1331 1147 1425 1210 etiam

248 1233 351 1296 Deum
373 1233 587 1315 ignorantibus
609 1270 651 1278 -
673 1234 807 1310 inventa,
828 1253 891 1297 non
913 1232 1082 1296 subicietur
1104 1233 1132 1295 ei
1154 1231 1308 1314 dignitati,
1330 1251 1426 1313 quam

249 1319 469 1401 omnipotentis
490 1319 550 1382 Dei
570 1318 761 1402 providentia
784 1319 823 1383 ad
836 1319 985 1383 honorem
1000 1337 1095 1390 suum
1109 1319 1228 1381 invenit
1246 1318 1426 1400 mundoque

248 1405 488 1468 misericorditer
510 1405 642 1468 tribuit?
664 1405 752 1468 cuius
773 1405 856 1484 tilius
874 1442 916 1450 —
935 1406 1016 1468 sicut
1038 1403 1114 1467 deus
1136 1409 1168 1466 et
1190 1403 1281 1467 homo
1302 1403 1426 1468 indubi-

248 1494 353 1554 tanter
366 1489 503 1555 creditur
517 1527 558 1535 -—
573 1492 618 1554 ita
632 1509 774 1555 summus
790 1491 939 1566 sacerdos
958 1495 1053 1572 caput
1066 1489 1207 1553 omnium
1222 1489 1425 1565 sacerdotum,

249 1575 288 1639 ad
303 1573 461 1640 dexteram
475 1576 578 1640 Patris
601 1575 711 1642 sedens
734 1578 766 1641 et
786 1597 840 1660 pro
859 1577 948 1640 nobis
963 1595 1086 1659 semper
1099 1575 1309 1658 interpellans,
1331 1576 1425 1639 habe-

250 1665 316 1735 tur;
344 1663 397 1744 qui
420 1663 577 1726 saeculare
598 1681 738 1744 regnum,
760 1662 842 1727 unde
864 1663 921 1727 filii
943 1661 1057 1726 saeculi
1079 1665 1211 1736 tument,
1232 1660 1373 1744 desperit
1395 1665 1426 1725 et

249 1747 288 1810 ad
310 1747 516 1812 sacerdotium
538 1748 637 1812 crucis
660 1753 848 1831 spontaneus
870 1748 964 1812 venit.
1008 1746 1086 1824 Quis
1113 1747 1246 1811 nesciat:
1275 1765 1365 1828 reges
1394 1753 1426 1810 et

249 1832 371 1897 duces·)
387 1835 426 1898 ab
440 1834 490 1897 his
506 1835 650 1898 habuisse
666 1835 860 1918 principium,
881 1836 945 1915 qui,
958 1833 1062 1896 Deum
1079 1834 1266 1914 ignoranter,
1281 1833 1426 1916 superbia

247 1919 363 2001 rapinis
396 1919 525 2002 perfidia
556 1920 745 1996 homicidiis,
777 1925 933 2002 postremo
962 1920 1114 1983 universis
1142 1937 1222 2002 pene
1249 1919 1425 1994 sceleribus,

248 2004 355 2068 mundi
378 2005 516 2089 principe
538 2005 658 2070 diabolo
690 2006 833 2070 videlicet
858 2007 1012 2088 agitante,
1046 2022 1139 2086 super
1169 2023 1275 2087 pares,
1308 2004 1426 2068 scilicet

248 2091 401 2168 homines,
429 2092 579 2156 dominari
606 2111 697 2156 caeca
725 2092 868 2175 cupidine
896 2096 929 2155 et
956 2090 1141 2154 intolerabili
1175 2091 1426 2173 praesumptione

248 2175 493 2241 affectaverunt?
531 2177 592 2255 Qui
614 2177 763 2254 videlicet,
786 2177 861 2240 dum
883 2176 1057 2241 sacerdotes
1078 2175 1204 2240 Domini
1234 2176 1273 2239 ad
1295 2177 1427 2257 vestigia

249 2280 305 2325 sua
326 2263 475 2327 inclinare
496 2264 698 2340 contendunt,
726 2265 777 2328 cui
804 2265 919 2327 rectius
941 2266 1158 2344 comparentur
1189 2281 1284 2342 quam
1306 2263 1343 2338 ei,
1371 2263 1426 2343 qui

249 2352 296 2411 est
317 2354 411 2431 caput
433 2367 526 2431 super
539 2368 647 2413 omnes
662 2349 740 2414 filios
756 2350 941 2432 superbiae?
964 2350 1017 2429 qui
1034 2347 1136 2431 ipsum
1151 2366 1311 2410 summum
1324 2347 1427 2430 ponti-

247 2433 344 2510 ficem,
367 2434 562 2499 sacerdotum
583 2439 690 2518 caput,
712 2435 864 2499 Altissimi
886 2435 1000 2509 filium,
1023 2439 1179 2517 temptans
1202 2439 1234 2497 et
1255 2434 1359 2497 omnia
1380 2433 1425 2498 illi

248 2519 355 2582 mnndi
378 2539 474 2602 regna
495 2523 689 2604 promittens,
711 2523 771 2585 ait:
795 2521 897 2598 „Haec
912 2520 1016 2584 omnia
1039 2519 1095 2583 tibi
1110 2518 1197 2595 dabo,
1220 2520 1246 2583 si
1264 2519 1426 2602 procidens

248 2604 421 2670 adoraveris
443 2609 534 2669 me?“
556 2605 634 2685 Quis
656 2606 794 2671 dubitet:
824 2605 998 2670 sacerdotes
1020 2604 1136 2669 Christi
1158 2623 1270 2687 regum
1291 2610 1323 2669 et
1343 2606 1428 2688 prin-

246 2690 350 2774 cipum
372 2693 574 2774 omniumqne
595 2692 735 2757 fidelium
764 2697 867 2775 patres
894 2696 926 2755 et
946 2691 1113 2771 magistros
1136 2692 1280 2755 censeri?
1315 2691 1427 2754 Nonne

246 2777 430 2842 miserabilis
452 2779 590 2842 insaniae
613 2797 681 2842 esse
703 2779 915 2859 cognoscitur:
943 2778 969 2842 si
991 2777 1074 2840 filius
1096 2781 1226 2859 patrem,
1255 2775 1427 2858 discipulus

246 2863 433 2943 magistrum
455 2863 513 2928 sibi
536 2869 664 2928 conetur
686 2865 860 2945 subiugare,
883 2869 915 2927 et
937 2863 1052 2944 iniquis
1075 2862 1313 2944 obligationibus
1336 2862 1426 2926 illum

248 2967 322 3012 suae
343 2951 497 3031 potestate
521 2951 666 3026 subicere,
689 2969 707 3013 a
729 2969 790 3032 quo
805 2949 903 3014 credit
917 2967 981 3013 non
995 2949 1097 3012 solum
1117 2949 1248 3012 interra
1262 2947 1318 3012 sed
1333 2948 1427 3011 etiam

248 3035 280 3097 in
302 3034 393 3098 coelis
416 3053 449 3098 se
471 3035 560 3116 ligari
582 3055 673 3120 posse
696 3041 727 3099 et
749 3035 881 3118 sclvi*)?
903 3034 996 3111 Haec,
1019 3035 1100 3098 sicut
1120 3034 1230 3097 beatus
1257 3033 1426 3115 Gregorius

247 3119 278 3182 in
291 3120 421 3202 epistola
436 3120 475 3184 ad
490 3121 674 3185 Mauritium
685 3122 902 3205 imperatorem
918 3120 1036 3184 directa
1047 3119 1331 3201 commemorat**),
1347 3119 1425 3183 Con·

247 3205 403 3269 stantinus
425 3207 560 3288 Magnus
588 3207 768 3289 imperator,
798 3207 937 3270 onmium
964 3225 1076 3286 regum
1108 3210 1140 3270 et
1167 3205 1341 3288 principum
1362 3204 1426 3268 fere

247 3291 344 3354 totius
364 3292 446 3356 orbis
462 3292 613 3370 dominus,
636 3292 793 3358 evidenter
807 3291 993 3373 intelligens,
1008 3291 1039 3354 in
1055 3293 1163 3354 sancta
1176 3290 1296 3354 Nicena
1309 3290 1427 3372 synodo

162 3445 164 3449 ,
247 3381 318 3458 post
339 3396 446 3441 omnes
470 3379 626 3462 episcopos
649 3379 780 3443 ultimus
801 3378 950 3453 residens,
973 3377 1092 3440 nullam
1113 3377 1217 3440 iudicii
1239 3377 1427 3440 sententiam

248 3481 341 3545 super
363 3482 414 3527 eos
438 3464 510 3527 dare
526 3465 749 3547 praesumpsit;
772 3463 826 3528 sed
849 3464 918 3528 illos
941 3464 1036 3526 etiarn
1058 3463 1131 3526 deos
1148 3481 1270 3538 vocene,
1292 3481 1353 3526 non
1369 3482 1426 3526 suo

247 3547 358 3612 dehere
388 3549 516 3613 subesse
544 3549 669 3627 iudicio,
695 3569 804 3614 ¹verum
834 3568 868 3613 se
896 3549 935 3613 ad
958 3548 1082 3612 illorum
1104 3549 1237 3630 pendere
1263 3548 1426 3612 arbitrium

248 3633 404 3698 iudicavit
428 3633 529 3717 Supra
541 3635 621 3700 dicto
638 3654 760 3717 quoque
775 3636 939 3700 Anrrstasio
954 3634 1132 3717 imperatori
1142 3634 1332 3717 praelibatus
1346 3652 1428 3717 papa

247 3718 390 3783 Gelasius
417 3721 620 3802 persuadens,
649 3741 689 3786 ne
718 3722 770 3785 ille
800 3721 977 3785 intimatam
1004 3719 1070 3783 suis
1099 3720 1241 3784 sensibus
1263 3721 1427 3784 ueritatem

247 3805 450 3869 arbitraretur
460 3806 614 3883 iniuriam,
626 3808 790 3872 subintulit
802 3807 995 3887 dicens***):
1012 3805 1099 3882 „Duo
1111 3810 1185 3869 sunt
1197 3807 1318 3888 quippe,
1329 3806 1427 3888 impe-

245 3895 330 3954 rator
352 3895 493 3973 auguste,
516 3893 629 3973 quibus
650 3893 861 3976 principaliter
876 3891 1014 3955 mundus
1035 3891 1086 3954 hic
1107 3892 1234 3973 regitur,
1258 3891 1425 3956 auctoritas

247 3981 368 4040 sacrata
394 3977 577 4059 pontificum
605 3983 637 4042 et
661 3980 774 4060 regalis
804 3983 959 4062 potestas;
985 3978 1018 4041 in
1049 3975 1161 4057 quibus
1190 3980 1277 4040 tanto
1300 3977 1425 4058 gravius

247 4061 366 4145 pondus
389 4068 437 4126 est
459 4063 662 4143 sacerdotum,
684 4071 800 4146 quanto
823 4067 918 4129 etiam
940 4083 995 4147 pro
1017 4062 1093 4145 ipsis
1113 4062 1240 4144 regibus
1263 4063 1425 4127 hominum

335 4288 351 4324 a
380 4275 408 4324 et
425 4271 505 4324 duces
522 4269 590 4324 fehlt
607 4271 650 4325 bei
668 4269 757 4340 Hugo.

334 4342 348 4372 *
379 4339 444 4406 Quis
462 4340 566 4394 dubitat
578 4384 584 4396 .
595 4383 619 4397 ..
640 4357 715 4411 possa
734 4344 762 4394 et
779 4341 845 4396 solvi
863 4341 948 4394 findet
964 4341 1022 4394 sich
1041 4339 1164 4394 Gratiani
1183 4340 1251 4394 decr.
1270 4339 1300 4392 P.
1312 4338 1334 4404 I,
1353 4337 1424 4392 Dist

249 4416 291 4478 96,
318 4429 375 4466 can.
394 4417 419 4466 9.
457 4412 500 4480 **)
519 4411 654 4468 Benedici.
673 4411 716 4480 II,
743 4415 803 4468 767.
841 4412 898 4482 m)
917 4411 1006 4466 Mauri
1024 4410 1103 4479 VIII,
1128 4416 1160 4466 31
1181 4410 1248 4478 (hier
1265 4410 1339 4465 steht
1356 4410 1426 4465 autc

247 4483 389 4552 homiuum,
406 4483 538 4555 Domino).
