3617 5284
381 549 444 614 102

380 739 502 797 semus,
529 721 589 784 uisi
611 739 671 783 nox
694 722 727 784 et
747 721 884 784 maxima
905 721 1076 804 tempestas
1097 737 1154 782 nos
1177 719 1373 783 cohibuisset
1416 717 1556 782 Tandem

379 812 450 888 post
463 807 579 870 multos
596 806 742 881 assultus,
765 807 882 869 multas
897 805 987 870 cedes
1003 808 1035 869 et
1048 805 1257 869 miserabilem
1272 806 1409 886 stragem
1431 804 1556 867 illorum

379 896 410 955 et
423 911 486 954 uon
500 892 656 955 modicum
672 891 842 973 dampnum
864 898 1041 954 nostrorum
1064 910 1167 954 arcem
1182 910 1236 972 per·
1258 891 1445 954 deditionem
1467 909 1557 953 occu-

377 978 520 1059 pavimus
536 982 567 1041 et
582 976 738 1058 quendam
753 977 924 1060 principem
940 977 1117 1052 Grecorum,
1140 978 1194 1056 qui
1210 995 1229 1038 a
1250 976 1427 1040 marchione
1443 976 1557 1039 Malas·

377 1063 453 1146 pina
474 1066 583 1145 captus
607 1064 687 1138 erat,
709 1063 918 1126 liberavimus.
962 1063 1130 1126 Destructa
1151 1062 1299 1138 Terdona,
1321 1061 1497 1144 Papienses,
1520 1067 1557 1123 ut

378 1149 546 1229 gloriosum
569 1150 640 1230 post
661 1148 820 1212 victoriam
843 1148 1037 1231 triumphum
1059 1148 1147 1212 nobis
1170 1147 1315 1224 facerent,
1338 1147 1375 1210 ad
1399 1147 1555 1210 civitatem

376 1254 433 1298 nos
448 1234 675 1306 invitaverunt;
698 1234 741 1298 ibi
762 1233 794 1296 in
809 1253 922 1298 corona
945 1237 976 1298 et
997 1234 1134 1298 manime
1155 1233 1277 1297 laeticia
1299 1236 1331 1296 et
1351 1233 1470 1315 ingenti
1493 1251 1557 1296 ser-

375 1319 452 1383 vitio
480 1320 613 1384 civitatis
642 1323 705 1382 tres
733 1319 798 1383 dies
827 1319 1022 1383 deduximus.
1068 1319 1187 1383 Deinde
1214 1319 1331 1384 directo
1355 1319 1479 1382 tramite
1501 1339 1557 1401 per

377 1406 638 1486 longobardiam,
662 1407 861 1481 Romanianr,
884 1405 1029 1470 Tusciam
1053 1409 1176 1482 euntes,
1200 1405 1342 1469 Sutrium
1366 1423 1466 1485 usque
1487 1424 1556 1488 per-

378 1492 528 1554 venimus.
557 1491 606 1554 Ibi
620 1491 752 1555 domnus
768 1492 882 1574 papa*)
897 1512 969 1555 cum
985 1493 1052 1555 tota
1067 1491 1215 1555 aecclesia
1228 1492 1371 1555 Romana
1385 1490 1557 1572 gaudenter

377 1577 465 1641 nobis
477 1577 610 1640 occurrit
625 1580 656 1640 et
671 1578 931 1640 consecrationem
946 1578 1033 1642 nobis
1049 1579 1177 1660 paterne
1193 1577 1305 1641 obtulit
1317 1595 1436 1658 suaque
1448 1595 1556 1658 grava-

378 1664 478 1737 mina,
502 1681 582 1743 quae
605 1681 624 1725 a
645 1664 786 1726 Romano
808 1664 923 1746 populo
945 1682 1056 1746 passus
1080 1666 1154 1740 erat,
1176 1663 1264 1726 nobis
1286 1665 1477 1744 conquestus
1499 1667 1555 1728 est

379 1747 432 1812 Sic
446 1767 503 1811 nos
518 1748 643 1811 cottidie
659 1749 752 1811 simul
776 1752 887 1812 euntes
911 1752 942 1812 et
964 1749 1058 1812 simul
1080 1748 1272 1831 hospitantes
1295 1748 1460 1830 dulciaque
1481 1750 1556 1814 mis-

378 1837 483 1898 centes
496 1834 655 1915 colloquia,
677 1835 811 1897 Romam
827 1853 927 1915 usque
942 1835 1148 1917 pervenimus.
1185 1835 1316 1897 Romani
1332 1834 1461 1899 nuncios
1484 1855 1556 1900 suos

378 1920 417 1983 ad
439 1939 496 1982 nos
518 1919 688 1995 miserunt,
711 1922 743 1982 et
764 1919 934 1983 maximam
956 1920 1121 2002 pecuniam
1142 1939 1197 2002 pro
1220 1919 1368 1984 fidelitate
1392 1939 1498 1984 eonem
1521 1941 1557 1985 ac

378 2005 510 2081 servitio,
532 2006 593 2068 tria
615 2025 739 2086 quoque
762 2024 781 2067 a
802 2007 890 2069 nobis
912 2005 1090 2070 iuramenta
1112 2005 1334 2087 exquisierunt.
1377 2006 1462 2082 Inde,
1484 2026 1557 2071 cum

377 2091 489 2155 domno
513 2110 593 2174 papa
615 2094 647 2154 et
669 2090 876 2155 cardinalibus
899 2092 1026 2155 consilio
1047 2091 1140 2168 inito,
1171 2093 1245 2173 quia
1265 2092 1432 2173 imperinm
1454 2111 1556 2157 emere

376 2178 533 2240 noluimus
557 2181 589 2240 et
611 2179 806 2240 sacramenta
826 2177 919 2258 vulgo
942 2180 1080 2260 prestare
1103 2197 1165 2241 non
1188 2176 1368 2254 debuimus,
1390 2179 1427 2240 ut
1449 2197 1556 2243 ornnes

377 2262 463 2325 dolos
486 2265 518 2325 et
539 2263 791 2325 machinamenta
812 2281 920 2326 eorum
944 2262 1184 2339 declinaremus,
1208 2261 1378 2327 Octaviano
1402 2263 1556 2328 cardinale

378 2348 582 2423 conducente,
604 2349 739 2411 maxima
760 2367 832 2430 pars
853 2348 986 2412 miliciae
1007 2351 1132 2414 nostrae
1154 2351 1244 2412 nocte
1266 2367 1322 2430 per
1342 2354 1465 2431 portam
1486 2369 1558 2432 par-

378 2434 483 2498 vulam
504 2434 592 2496 iuxta
614 2433 763 2498 Sanctum
779 2434 910 2498 Petrum
932 2435 1068 2511 intravit,
1091 2438 1123 2497 et
1145 2434 1189 2498 sic
1210 2435 1435 2499 monasterium
1451 2435 1556 2500 Sancti

379 2520 464 2582 Petri
486 2521 710 2602 preoccupavit
744 2521 837 2583 Mane
858 2519 949 2595 facto,
971 2520 1104 2584 domnus
1126 2539 1206 2604 papa
1228 2539 1300 2584 cum
1322 2521 1389 2584 tota
1410 2522 1558 2586 aecclesia

380 2604 417 2668 ad
435 2606 593 2668 basilicam
609 2604 708 2670 sancti
723 2605 809 2669 Petri
824 2625 880 2669 nos
902 2606 1052 2688 precessit
1074 2610 1105 2669 et
1128 2607 1167 2670 ad
1189 2606 1305 2686 gradus
1328 2626 1399 2670 cum
1422 2608 1557 2672 maxima

380 2691 573 2774 processione
588 2710 644 2753 nos
659 2692 802 2773 suscepit,
825 2697 857 2755 et
871 2692 969 2755 missa
990 2692 1145 2778 celebrata
1167 2690 1205 2754 ad
1229 2692 1326 2756 altere
1349 2694 1557 2775 apostolorum

380 2775 466 2839 Petri
489 2779 520 2839 et
541 2774 631 2839 Pauli
652 2776 685 2839 in
706 2777 822 2840 honore
844 2782 970 2841 sanctae
993 2777 1110 2841 Mariae
1132 2777 1274 2858 virginis,
1297 2779 1372 2858 quia
1393 2779 1558 2843 sabbatum

381 2866 464 2934 erat,
486 2860 729 2926 benedictionem
752 2882 880 2926 coronae
902 2863 1034 2926 Romani
1057 2863 1179 2945 imperii
1201 2863 1329 2944 largiter
1351 2882 1444 2946 super
1465 2872 1559 2948 caput

381 2950 525 3011 nostrum
548 2947 664 3010 effudit.
708 2947 777 3026 Quo
799 2949 858 3012 rite
880 2953 1021 3031 peraeto,
1053 2948 1129 3011 dum
1151 2966 1258 3012 omues
1280 2949 1377 3012 nimio
1398 2950 1503 3014 labore
1526 2955 1558 3015 et

382 3037 449 3096 estu
468 3033 598 3097 confecti
620 3033 658 3095 ad
681 3034 816 3097 tentoria
837 3034 1009 3098 rediremus
1033 3037 1064 3098 et
1086 3035 1189 3098 cibum
1212 3053 1402 3117 caperemus,
1424 3037 1556 3100 Romam

381 3118 419 3181 de
452 3121 545 3200 ponte
575 3119 728 3200 Tyberiuo
756 3119 966 3202 prosiluerunt
993 3123 1024 3183 et
1052 3121 1085 3183 in
1113 3121 1301 3185 monasterio
1329 3121 1435 3186 Sancti
1463 3121 1557 3199 Petri,

382 3204 502 3267 duobus
518 3204 614 3267 servis
629 3205 742 3268 nostris
758 3205 866 3268 occisis
882 3212 914 3268 et
929 3206 1135 3270 cardinalibus
1151 3205 1298 3289 spoliatis,
1320 3226 1433 3290 papam
1450 3227 1558 3292 capere

381 3289 591 3353 intendebant.
635 3290 701 3354 Nos
729 3309 800 3354 vero
830 3291 943 3354 deforis
967 3292 1132 3374 strepitum
1156 3292 1333 3369 audientes,
1363 3295 1474 3357 armati
1503 3315 1559 3378 per

381 3393 487 3438 muros
514 3375 676 3452 irruimus,
705 3379 737 3439 et
764 3379 832 3440 tota
860 3375 909 3440 die
932 3397 1005 3441 cum
1026 3378 1176 3442 Romanis
1198 3379 1377 3443 conflictum
1399 3380 1558 3456 habentes

383 3479 491 3524 comm
505 3479 584 3543 pene
599 3461 684 3524 mille
699 3461 868 3526 occidimus
884 3466 916 3526 et
938 3465 970 3526 in
985 3463 1097 3546 Tyberi
1120 3464 1345 3528 submersimus
1367 3467 1399 3528 et
1421 3467 1558 3549 captivos

384 3545 577 3622 deduximus,
600 3546 697 3610 donec
710 3566 771 3611 nox
785 3567 842 3611 uos
858 3550 890 3612 et
911 3547 980 3612 illos
1004 3548 1135 3612 diremit
1172 3550 1265 3614 Mane
1287 3548 1377 3627 facto,
1401 3553 1477 3633 quia
1497 3551 1559 3616 vio

382 3632 481 3695 tire-lia
501 3631 589 3696 uobis
612 3632 802 3710 defecerant,
825 3636 985 3718 assumpto
1007 3653 1088 3717 papa
1110 3639 1141 3698 et
1163 3635 1385 3713 cardinalibus,
1408 3655 1481 3701 cunr
1502 3639 1559 3702 tri·

381 3719 499 3800 umpho
522 3717 666 3782 victoriae
687 3719 762 3783 laeti
783 3720 984 3797 recessimus,
1008 3723 1039 3784 et
1061 3720 1204 3786 omnibus
1227 3723 1336 3786 castris
1359 3725 1391 3786 et
1413 3724 1559 3788 munitio-

382 3805 473 3867 nibus
489 3821 570 3884 qnae
585 3805 666 3868 circa
680 3805 799 3871 Urbem
815 3808 905 3869 erant
919 3807 950 3868 in
965 3809 1152 3889 potestatem
1167 3812 1307 3871 nostram
1322 3808 1443 3886 deditis,
1459 3829 1559 3892 usque

384 3890 497 3953 Albam
519 3889 661 3954 venimus
684 3894 716 3954 et
737 3910 792 3973 per
815 3891 935 3972 aliquot
957 3891 1022 3955 dies
1044 3891 1086 3954 ibi
1109 3911 1180 3956 cnm
1202 3912 1284 3976 papa
1305 3895 1417 3958 morati
1440 3915 1558 3960 sumus.

382 3975 458 4039 Inde
481 3975 594 4039 ivimus
610 3977 781 4059 Spoletum,
804 3981 836 4040 et
857 3977 932 4058 qnia
953 3977 1074 4041 rebellis
1090 3981 1158 4040 erat
1173 3983 1205 4042 et
1219 3980 1364 4043 oonutem
1380 3979 1558 4046 (luidonem

382 4061 525 4125 Werram
537 4064 569 4126 et
580 4067 717 4127 caeteros
727 4063 857 4126 nuncios
867 4062 1224 4146 nostrosincaptivitate
1235 4067 1391 4142 tenebant,
1403 4069 1558 4131 assultum

472 4214 496 4279 *1
515 4213 566 4267 Die
583 4213 872 4268 hierniehterwhhute
883 4215 1254 4286 wdrtlicheErueuarung
1272 4217 1559 4274 dcsKonstanrer

383 4283 564 4352 Vertrages
591 4302 612 4340 s.
640 4285 682 4338 boi
709 4284 989 4354 Huillard·Breholles,
1017 4287 1154 4341 Rouleatrx
1182 4285 1214 4340 do
1243 4287 1327 4356 Cluny
1356 4287 1382 4342 S.
1409 4294 1450 4343 54.
1496 4291 1556 4358 Vgl.

383 4354 505 4408 hinriiber
522 4373 613 4409 atisser
631 4356 681 4408 don
699 4356 796 4409 bereits
815 4356 989 4424 angetlihrten
1002 4357 1115 4412 Werlren
1127 4358 1245 4428 hoglon,
1259 4359 1493 4428 Untersnehuugen
1513 4361 1560 4414 der

383 4425 409 4477 N
411 4425 563 4479 aehrichten
581 4427 646 4479 tiber
658 4425 808 4479 thiedriche
820 4427 841 4481 1.
861 4427 966 4482 Grieeh.
987 4446 1010 4482 u.
1024 4428 1167 4484 Normcnn.
1180 4429 1279 4482 Politik
1296 4429 1338 4482 bis
1357 4447 1414 4482 aum
1427 4429 1560 4485 Wormser

384 4495 544 4564 Reichstage
562 4497 653 4565 (1157)
667 4514 692 4550 u.
704 4496 816 4563 Ribbelr,
834 4497 971 4552 Friedrich
982 4499 1004 4554 1.
1015 4516 1048 4554 u.
1068 4499 1111 4554 die
1129 4503 1192 4553 rdm.
1204 4498 1286 4553 Kurie
1307 4503 1444 4556 ilat-59
1463 4501 1558 4558 Ε.811.
