3617 5284
374 559 418 624 46

375 729 449 796 zelo.
500 728 610 796 Cesset
636 728 768 814 pristina
795 728 851 793 illu
877 748 940 793 non
971 727 1098 805 militia,
1131 726 1186 792 aed
1215 728 1307 813 plane
1334 726 1461 804 militia,
1490 744 1554 808 qua

375 815 482 880 soletis
503 815 637 880 invicem
658 817 811 892 sternere,
832 814 966 880 invicem
986 813 1122 898 perdere,
1150 819 1187 878 ut
1215 814 1254 878 ab
1283 813 1416 878 invicem
1443 831 1554 878 consu-

375 901 514 967 mamini.
564 901 652 980 Quae
682 900 813 965 miseros
840 906 907 966 tam
936 900 1004 965 dira
1030 899 1124 965 libido
1153 899 1281 977 excitat,
1311 897 1394 980 qnod
1423 899 1552 982 proximi

376 1006 488 1072 eorpus
510 987 621 1070 gladio,
643 986 732 1052 euius
747 986 889 1052 fortassis
904 990 937 1051 et
951 986 1055 1050 anima
1070 985 1159 1070 perit,
1182 985 1454 1050 transverberent?
1491 983 1554 1049 Sed

375 1093 433 1138 nec
461 1073 570 1155 effugit
592 1070 646 1155 qui
669 1073 832 1155 glorietur,
860 1075 893 1138 et
921 1072 1018 1156 ipsius
1041 1071 1179 1136 animam
1201 1069 1402 1155 pertransibit
1423 1068 1553 1152 gladius,

375 1179 449 1224 eum
471 1160 573 1223 solum
595 1159 717 1223 hostem
739 1158 875 1240 gaudeat
896 1157 1050 1223 cecidisse.
1093 1157 1144 1221 Illi
1165 1175 1199 1221 se
1220 1157 1294 1222 dare
1315 1155 1485 1222 discrimini
1506 1155 1554 1219 in-

377 1245 482 1309 saniae
511 1245 573 1321 est,
602 1263 664 1309 non
692 1244 831 1318 virtuts
860 1263 919 1310 neo
940 1243 1102 1320 audaciae,
1130 1242 1185 1308 sed
1206 1243 1360 1308 amentiae
1380 1241 1484 1326 potius
1506 1244 1555 1305 est

376 1328 601 1396 ascribendum.
646 1329 752 1394 Habes
772 1349 864 1407 nunc,
886 1329 975 1396 tortis
996 1328 1102 1406 miles,
1123 1328 1234 1406 habes,
1255 1328 1302 1392 vir
1322 1329 1479 1404 bellicose,
1500 1327 1554 1391 ubi

376 1415 503 1480 dimices
533 1416 651 1499 absque
672 1415 826 1499 periculo,
853 1415 907 1480 ubi
929 1418 961 1480 et
981 1416 1104 1480 vincere
1127 1413 1225 1496 gloria
1259 1416 1292 1478 et
1315 1413 1395 1478 mori
1422 1415 1554 1478 lucrum.

377 1503 412 1567 Si
440 1501 577 1585 prudeus
606 1504 834 1577 mercatores,
868 1501 895 1566 si
923 1500 1113 1584 conquisitor
1140 1499 1234 1563 huius
1261 1499 1390 1576 sacculi,
1423 1517 1554 1581 magnas

376 1586 529 1670 quasdam
550 1586 607 1652 tibi
628 1586 783 1651 nundinas
804 1585 920 1660 iudico;
949 1585 1027 1664 vide,
1054 1605 1094 1650 ne
1123 1587 1259 1669 pereunt
1303 1585 1394 1650 Susei
1416 1604 1432 1649 e
1455 1585 1554 1650 erucis

376 1673 510 1756 signum,
533 1673 566 1737 et
586 1672 726 1737 omnium
748 1671 872 1756 pariter,
894 1671 933 1737 de
949 1673 1062 1755 quibus
1076 1672 1166 1737 eorde
1182 1671 1313 1736 contrito
1328 1689 1363 1736 eo
1399 1671 1554 1736 essionem

376 1758 504 1836 feceris,
531 1757 760 1840 indulgentiam
788 1757 949 1823 obtinebis.
997 1758 1131 1823 Materia
1157 1757 1225 1841 ipsa
1254 1757 1279 1821 si
1309 1757 1436 1832 emitur,
1468 1757 1554 1842 parvi

376 1847 516 1920 ceustut;
545 1844 573 1908 si
600 1843 710 1909 devoto
733 1844 907 1908 assumitur
929 1844 1071 1921 humere,
1099 1844 1184 1908 valet
1212 1842 1280 1908 sine
1306 1841 1400 1908 dubie
1422 1861 1555 1925 regnum

376 1930 444 1995 Dei.
493 1931 580 1995 Bene
610 1949 683 2012 ergo
711 1928 863 2007 lecerunt,
891 1929 946 2011 qui
972 1930 1103 1995 coeleste
1130 1929 1195 1994 ium
1224 1928 1421 2010 signaculum
1451 1947 1556 1994 susce-

398 2019 505 2091 erunt;
539 2016 619 2081 bene
652 2015 765 2080 caeteri
796 2015 929 2092 faciunt,
961 2014 1016 2080 sed
1044 2033 1102 2080 nec
1130 2013 1170 2079 ad
1196 2015 1257 2079 insi
1278 2014 1407 2079 ientiam
1440 2015 1500 2090 eis,
1528 2013 1556 2078 si

375 2036 527 2167 {esurient
547 2106 579 2166 et
599 2101 660 2185 ipsi
682 2100 919 2185 apprehendere,
942 2100 1025 2183 quod
1047 2103 1079 2166 et
1100 2101 1146 2166 eis
1165 2101 1200 2165 in
1222 2119 1237 2165 s
1270 2105 1356 2164 utem
1378 2099 1498 2165 existat

462 2188 510 2252 De
539 2189 677 2264 caetero,
703 2185 829 2264 batres,
858 2205 969 2251 moneo
990 2205 1061 2264 vos,
1089 2205 1152 2252 non
1174 2189 1281 2252 autem
1303 2205 1374 2268 ego,
1402 2186 1458 2250 sed
1480 2205 1553 2269 apo·

376 2274 476 2338 stolus
496 2273 556 2337 Dei
577 2291 709 2350 mecum,
730 2291 792 2337 non
807 2291 875 2338 esse
890 2272 1079 2338 credendum
1094 2273 1178 2337 omni
1193 2271 1315 2356 spiritui
1329 2271 1415 2355 (Joh.
1428 2271 1453 2349 I,
1468 2275 1497 2349 4,
1514 2273 1555 2355 1).

376 2358 563 2424 Audivimus
586 2362 618 2423 et
636 2356 817 2441 gandemus,
838 2358 923 2423 utin
937 2358 1023 2424 vobis
1037 2358 1253 2424 lerveatzelus
1268 2358 1343 2432 Dci;
1366 2355 1421 2423 sed
1435 2358 1557 2442 oportet

376 2443 501 2509 omnine
528 2448 595 2509 tem
633 2447 812 2509 ramentum
837 2444 985 2509 scientiae
1005 2462 1069 2509 nen
1091 2442 1207 2510 deesse.
1250 2445 1331 2508 Non
1354 2446 1448 2508 sunt
1467 2462 1557 2527 per·

377 2529 569 2611 sequendi
614 2529 748 2609 ndaei,
776 2549 848 2595 non
875 2531 968 2595 sunt
996 2528 1243 2606 trucidandi,
1273 2527 1336 2594 sed
1358 2547 1429 2593 nee
1450 2528 1556 2594 effn-

377 2615 497 2697 gandi
520 2615 718 2699 quidem.*)
753 2615 948 2698 Interrogate
970 2634 1021 2680 ees
1044 2614 1163 2681 divinas
1184 2615 1322 2699 paginas.
1358 2613 1465 2679 Nouo
1482 2613 1557 2697 quid

469 2754 495 2819 a)
514 2751 685 2806 vermutlieh:
703 2752 869 2821 Interrogata
887 2769 940 2818 eos,
959 2752 1004 2822 qui
1024 2751 1127 2805 divinas
1144 2751 1256 2822 paginas
1273 2755 1378 2820 norunt,
1396 2751 1460 2821 quid
1477 2753 1527 2805 etc.

466 2823 491 2892 *)
511 2820 576 2876 Otto
594 2821 661 2876 Fris.
681 2820 763 2877 Gesta
779 2821 803 2889 1,
821 2841 843 2876 c.
862 2825 913 2877 38:
932 2821 1006 2876 Inter
1023 2821 1089 2876 haec
1105 2821 1395 2876 flodulfus-monachus
1413 2820 1556 2888 (Cister-

379 2893 560 2960 zienserb,
579 2893 620 2946 uir
637 2893 743 2962 quidem
760 2893 905 2961 relligionis
923 2892 1044 2946 habitum
1062 2891 1163 2946 habeus
1178 2891 1373 2962 relligionisqne
1391 2891 1557 2946 semntatem

380 2963 500 3018 sollerter
523 2962 646 3030 imitans,
671 2962 718 3016 sed
735 2963 884 3017 litterarum
909 2963 1007 3018 nebda
1025 2963 1109 3016 sobrie
1126 2962 1259 3029 imbutus,
1284 2979 1329 3016 aas
1347 2966 1436 3033 partes
1454 2959 1557 3016 Galliae

397 3049 447 3088 nae
465 3033 587 3088 Rhenum
611 3033 749 3102 attingrmt
768 3033 917 3103 ingreditur
934 3033 1070 3104 multaque
1088 3033 1242 3104 populorum
1259 3032 1334 3087 milia
1351 3049 1382 3088 ex
1400 3031 1557 3103 Agrippina,

409 3103 534 3173 aguntia,
552 3103 716 3171 warmatia,
740 3103 832 3174 Spita,
856 3103 1004 3172 Argentiua
1022 3103 1082 3158 aliis
1100 3121 1133 3158 ue
1151 3103 1243 3157 vicinis
1262 3103 1428 3171 civitatibus,
1452 3102 1557 3173 oppidis

381 3191 428 3228 seu
452 3174 517 3228 vicis
535 3174 569 3227 ad
588 3174 767 3244 accipiendam
785 3192 886 3228 crucem
905 3174 1032 3229 accendit
1097 3192 1126 3228 ec
1144 3178 1234 3228 tamen
1257 3172 1393 3229 doctrinae
1418 3190 1481 3227 suae
1505 3190 1557 3227 nou

376 3244 517 3313 dgdantsr
534 3245 705 3313 interserens,
745 3245 797 3298 uod
815 3245 890 3298 ludei
909 3245 936 3298 in
960 3244 1113 3299 ciuitatibus
1131 3245 1285 3315 oppidisque
1303 3245 1402 3315 passim
1420 3247 1557 3298 manentes

376 3319 512 3386 tamquam
530 3315 691 3369 christianae
708 3262 852 3384 mdbgiomr
875 3315 966 3370 hostes
984 3315 1187 3370 trucidarentur.
1223 3313 1299 3380 Quod
1318 3315 1452 3370 doctrinae
1470 3330 1558 3368 semen

379 3387 407 3441 in
434 3386 527 3440 multis
546 3383 649 3440 Gallias
667 3384 874 3456 Germaniaeque
891 3385 1044 3440 civitatibus
1062 3386 1103 3440 rel
1121 3385 1224 3457 oppidis
1242 3389 1298 3440 tam
1317 3386 1427 3440 tirmiter
1443 3385 1558 3440 radicem

378 3457 462 3524 figens
491 3455 664 3526 germinavit,
695 3459 738 3524 ut,
790 3456 930 3511 lurimis
960 3472 999 3511 ex
1028 3455 1146 3511 Iudeis
1174 3456 1238 3510 hac
1266 3457 1478 3512 tumultuosa
1507 3473 1557 3510 se·

377 3526 515 3580 ditione
537 3527 685 3593 necatis,
714 3475 814 3581 mufti
841 3528 902 3580 sub
954 3526 1107 3597 riucipis
1133 3526 1358 3581 Romanorum
1385 3528 1462 3582 alas
1484 3527 1555 3582 tui·

377 3597 490 3651 tionis
514 3613 619 3651 causa
643 3598 875 3666 confugerent
937 3597 988 3650 nde
1005 3597 1105 3650 tactum
1123 3599 1178 3664 est,
1197 3599 1308 3651 utnon
1325 3598 1426 3668 pauci
1443 3598 1501 3654 exi
1535 3598 1559 3652 is

377 3667 529 3721 huiusmodi
557 3667 750 3721 immanitatem
776 3667 921 3736 fugientes,
952 3668 987 3720 in
1015 3668 1140 3738 oppido
1170 3667 1345 3739 principis
1374 3668 1462 3740 quod
1525 3685 1558 3722 ο·

376 3737 487 3791 ricum
516 3754 572 3791 seu
599 3735 812 3792 Norinberch
841 3736 1043 3820 appellatur
1073 3737 1226 3808 aliisque
1255 3739 1450 3810 municipiis
1480 3739 1559 3794 eius

377 3806 413 3862 ad
437 3808 641 3862 conservandam
666 3808 749 3863 vitam
773 3825 810 3862 se
832 3811 1039 3878 recrperent
1076 3807 1214 3862 Bemhard
1233 3809 1317 3862 selbst
1334 3809 1402 3864 ltsst
1420 3809 1476 3864 sich
1494 3811 1560 3864 tiber

378 3878 429 3932 den
455 3878 552 3932 Mbnch
569 3877 670 3932 Rudolt
691 3879 720 3932 in
746 3880 830 3933 einem
854 3879 941 3932 Briele
969 3895 1003 3931 an
1028 3878 1078 3932 den
1103 3878 1258 3932 Erzbischof
1277 3877 1404 3933 Heinrich
1429 3899 1451 3935 v.
1470 3881 1559 3934 bisina

377 3955 426 4014 (nr.
451 3951 516 4014 365)
542 3949 598 4002 also
616 3966 680 4004 aus:
709 3949 811 4016 „Homo
830 3949 889 4015 ille,
918 3949 949 4002 de
975 3965 1025 4018 quo
1050 3949 1140 4018 agitur
1163 3950 1190 4003 in
1214 3949 1311 4002 litteris
1337 3951 1447 4016 vanis,
1475 3967 1558 4020 nequa

378 4019 410 4072 ab
436 4018 540 4072 homine
562 4036 645 4089 neque
663 4036 710 4089 per
727 4019 872 4086 hominem,
895 4019 941 4073 sed
965 4036 1048 4089 neque
1073 4020 1162 4074 alleo
1179 4019 1276 4073 missus
1295 4019 1375 4074 venit.
1412 4019 1512 4086 Quodsi
1531 4037 1559 4074 se

377 4090 533 4144 monachum
551 4093 599 4143 aut
616 4090 753 4144 eremitam
770 4090 855 4144 iactat
877 4092 905 4143 et
923 4105 954 4144 ex
968 4106 998 4144 eo
1015 4090 1066 4143 sibi
1085 4090 1196 4144 assumit
1214 4090 1367 4144 libertatem
1385 4090 1426 4144 vel
1444 4091 1559 4145 officium

378 4159 596 4231 praedicationis,
656 4163 712 4214 test
735 4159 802 4214 seim
823 4163 851 4214 et
874 4161 965 4227 debet,
985 4159 1054 4230 quod
1081 4177 1147 4214 nou
1172 4160 1279 4215 habet
1300 4160 1473 4229 docentis,
1500 4162 1560 4215 sed

265 4235 268 4242 '
377 4231 583 4301 plangentis
601 4248 617 4284 o
638 4231 769 4297 ficium;
794 4231 890 4313 quippe
908 4231 950 4314 cni
969 4230 1094 4301 oppidum
1113 4247 1276 4285 cancerasse
1295 4230 1381 4299 debet,
1400 4235 1428 4286 et
1445 4231 1560 4286 solitudo

380 4301 598 4371 paradisus...
640 4300 762 4355 Nonne
785 4317 960 4372 coprosrus
984 4299 1184 4372 triumphat
1209 4301 1360 4356 ecelesia
1382 4303 1418 4356 de
1441 4301 1559 4356 Iudeis

378 4388 437 4442 per
454 4371 619 4440 singulos
638 4371 713 4425 dies
731 4371 787 4426 vel
806 4372 1017 4426 convincens
1035 4371 1088 4425 vel
1106 4375 1306 4426 convertens
1324 4389 1389 4440 eos,
1437 4389 1511 4427 uam
1530 4373 1560 4426 ai

378 4442 480 4496 semel
506 4445 542 4496 et
566 4441 666 4496 simul
691 4446 911 4504 consumeret
935 4459 990 4495 eos
1012 4442 1047 4495 in
1071 4458 1128 4496 ore
1178 4442 1288 4497 ladii?
1307 4485 1313 4498 .
1334 4481 1368 4499 ..
1438 4461 1496 4498 omo
1518 4447 1561 4498 est

380 4528 492 4581 magnus
510 4512 538 4566 in
556 4512 639 4566 oculis
657 4512 721 4579 suis,
739 4513 831 4583 planus
843 4511 939 4584 spiritu
951 4512 1124 4582 arrogantiae.
1153 4459 1241 4566 Qlarba
1259 4516 1287 4567 et
1304 4530 1383 4585 opera
1400 4515 1465 4581 sins,
1483 4531 1557 4586 prae·
