3617 5284
1391 539 1455 606 205

275 712 383 775 menta
408 708 491 775 infre
519 727 573 775 sex
604 709 791 776 ebdomadas
820 711 860 776 ab
881 709 1025 776 omnibus
1048 711 1272 795 eompleantnr.
1316 709 1455 791 Quodsi

276 796 388 878 aliquis
403 797 584 861 elericorum
599 796 648 861 vel
661 798 823 879 laycorum
837 796 911 861 huie
932 795 1157 862 oonlirmationi
1179 799 1212 862 et
1228 797 1327 861 edieto
1349 800 1455 863 nostro

275 881 493 964 aliquomodo
516 901 549 947 se
570 882 752 966 opponendo
773 882 1006 960 eontradixerit‚
1037 901 1074 947 ex
1102 883 1199 948 totius
1221 883 1454 966 Herbipoleusis

275 968 395 1032 aoncilii
416 968 539 1033 decreto
560 969 739 1033 firmissime
760 968 976 1052 praecipimus,
999 971 1042 1046 ut,
1065 968 1092 1034 si
1114 969 1185 1052 quis
1207 968 1247 1034 ad
1269 967 1453 1034 mandatum

254 1113 257 1123 .
275 1054 323 1117 sni
346 1053 495 1118 antistitis
517 1057 573 1119 ant
586 1054 762 1138 provineiae
776 1054 927 1138 praesidis
950 1054 997 1118 vel
1013 1053 1130 1120 domini
1144 1054 1194 1119 sui
1219 1057 1452 1120 saoramentum

274 1158 337 1203 non
358 1140 556 1224 praestiterit
578 1140 750 1206 sielerieus
765 1141 806 1205 sit
820 1140 870 1204 vel
884 1140 1064 1218 monachus,
1086 1140 1293 1206 eeclesiastioo
1314 1140 1454 1225 privetur

275 1226 406 1300 honore3
429 1226 455 1290 si
469 1227 586 1309 layeus,
601 1226 715 1292 allodia
729 1229 761 1290 et
775 1226 931 1304 benefieia,
955 1245 1159 1309 quaeeunque
1181 1226 1326 1310 possidet
1347 1230 1455 1292 nostra

273 1310 332 1394 ipsi
363 1312 547 1377 auctoritate
575 1332 595 1378 a
620 1331 678 1377 suo
704 1311 806 1377 iudioe
834 1312 884 1376 vel
905 1313 1029 1378 domino
1052 1331 1179 1396 prorsus
1202 1312 1393 1390 adimantur,
1423 1317 1455 1377 et

274 1400 340 1463 toto
363 1398 492 1482 imperio
514 1401 620 1464 nostro
643 1399 792 1463 eiieiatur.

359 1487 473 1548 Aetam
495 1487 545 1549 est
558 1485 617 1550 hoo
631 1503 712 1549 auno
726 1485 766 1549 ab
779 1484 991 1549 incarnatione
1006 1484 1122 1550 domini
1136 1484 1236 1550 nostri
1250 1483 1324 1550 Iesu
1338 1483 1454 1550 Christi

276 1572 358 1634 1165
381 1569 464 1654 apud
485 1571 670 1653 wirzeburg
691 1571 720 1634 6.
741 1570 850 1635 Nonas
870 1570 995 1634 Iunii.⁸)

390 1743 425 1820 ιι)
450 1743 593 1828 ΕριιιιιΙι
614 1743 708 1813 autel
731 1743 894 1812 eolnsdan
918 1743 1191 1812 ueteranorum
1216 1759 1340 1828 papam

368 1853 461 1921 (Giles,
481 1855 546 1926 Epp.
566 1855 681 1910 'l'homae
700 1855 898 1911 cantuariensis
916 1855 953 1923 H,
971 1872 1010 1910 nr.
1029 1859 1090 1923 379,
1109 1871 1170 1926 pag.
1191 1857 1353 1922 264-268.)

359 1969 531 2034 Alexandro
545 1988 644 2054 papae
660 1970 788 2052 qnidam
803 1970 922 2035 amiens
937 1989 1023 2034 suus.
1059 1969 1233 2054 Imperator
1255 1990 1353 2052 quum
1368 1969 1453 2054 prin·

272 2053 355 2137 uipee
381 2073 455 2120 suos
482 2055 523 2121 ad
552 2056 685 2133 onnam,
713 2075 810 2138 quam
839 2057 883 2120 eis
911 2055 945 2120 in
966 2054 1044 2120 testo
1074 2060 1268 2140 pentecostes
1290 2056 1452 2132 indixerat,

273 2138 449 2218 adunasset
480 2144 513 2206 et
532 2143 686 2225 principes
707 2142 767 2226 ipsi
788 2143 917 2208 eabhato
940 2145 1011 2206 ante
1033 2141 1150 2206 festum
1171 2143 1235 2227 (22.
1258 2141 1335 2224 Mai)
1357 2147 1452 2224 atque

271 2226 474 2308 subsequenti
503 2227 641 2292 seeundo
668 2227 770 2293 teria
799 2228 843 2293 de
872 2247 968 2311 paee
998 2229 1195 2294 intervos
1222 2230 1263 2293 et
1288 2246 1376 2293 eum
1397 2247 1452 2292 re·

271 2310 453 2378 formanda
477 2315 629 2378 traotare
651 2314 882 2398 eoepissentt*)
909 2311 1100 2396 Regiualdus
1127 2308 1229 2380 dietus
1257 2313 1451 2380 Coloniensis

320 2625 326 2637 ,
359 2484 387 2610 l
404 2483 552 2623 torret
565 2474 888 2626 rolleboise
905 2482 1152 2638 filiolatu,
1170 2558 1290 2637 le
1308 2553 1447 2636 „seb

270 2624 394 2691 solemma,
413 2641 503 2695 paoem
520 2625 608 2680 inerat
624 2628 753 2696 tyrenum
771 2630 857 2680 vester
874 2626 999 2680 eoeles1ae
1017 2624 1177 2692 redditurus,
1198 2641 1250 2680 mer
1268 2641 1327 2678 eum
1345 2625 1447 2680 Celem-

270 2696 340 2750 eneis
351 2695 438 2750 adhue
450 2696 576 2750 aduersus
587 2696 724 2751 eeclesiam
735 2696 868 2752 incitaret.
902 2697 974 2750 Dass
983 2695 1079 2765 jedoeh
1091 2695 1193 2750 damula
1204 2696 1299 2750 Kaisar
1311 2695 1448 2751 Friedrich

270 2766 429 2836 heinaewege
453 2785 485 2821 aa
509 2768 581 2822 einer
597 2767 777 2836 Ausebhnnng
801 2768 852 2822 mit
868 2766 1018 2823 Alexander
1035 2767 1085 2822 ΠΙ.
1109 2767 1225 2836 genaigt,
1251 2767 1364 2822 medem
1388 2767 1450 2820 risl-

269 2837 344 2891 mehr
361 2838 539 2893 entaehloeaeu
557 2855 684 2908 genesen,
703 2838 746 2892 die
764 2838 991 2893 alexandrinisehe
1008 2837 1099 2892 Partei
1118 2855 1149 2891 ιιιι
1167 2837 1329 2904 vemiehten,
1348 2837 1402 2892 und
1421 2837 1448 2892 in

269 2907 367 2962 diesem
385 2907 466 2962 Sinna
490 2909 588 2963 sowohl
606 2909 657 2964 deu
675 2908 821 2978 Reiahstag
841 2909 958 2974 henxien,
983 2908 1023 2963 ala
1047 2907 1115 2962 anuh
1133 2907 1248 2962 Raiuald
1267 2924 1301 2961 an
1320 2907 1362 2962 die
1380 2907 1448 2961 Hele

269 2995 293 3033 v.
371 2978 434 3033 land
453 2997 478 3034 ιι.
496 2979 657 3034 lhankreieh
673 2979 824 3048 geeehiekt‚
850 2980 928 3034 dariu
945 2980 983 3034 iet
1000 2977 1172 3035 Giesehreeht
1189 2977 1256 3033 ohne
1274 2977 1378 3032 Zweiiel
1394 2978 1449 3032 bei-

269 3049 348 3119 auptli
382 3052 436 3104 teu.
470 3049 584 3104 hheilieh
608 3050 646 3104 iet
669 3067 697 3104 es
720 3050 797 3104 nieht
818 3050 921 3104 minder
938 3049 1131 3132 glaubwdrdig,
1159 3048 1222 3103 dass
1240 3048 1402 3103 namentlieh
1420 3049 1448 3104 in

269 3118 316 3172 der
340 3122 427 3173 ersten
445 3119 557 3190 Sitxnng
584 3120 630 3174 dee
654 3120 836 3190 Boiohategeu
863 3121 906 3174 bei
934 3121 1044 3174 waleher
1066 3119 1182 3174 Ramald
1208 3118 1277 3173 noeh
1302 3119 1378 3174 nieht
1404 3136 1448 3173 an·

269 3190 372 3244 weeeud
390 3207 452 3255 war,
478 3189 610 3244 Veranehe
633 3191 661 3245 in
681 3191 727 3245 der
744 3190 880 3261 Riehtuug
901 3191 970 3245 nauh
988 3191 1059 3245 einer
1077 3189 1256 3258 Aussbhnnng
1274 3190 1319 3245 des
1337 3189 1446 3244 Kaisers

268 3261 320 3314 mit
330 3261 479 3315 Alexander
491 3278 540 3316 von
557 3262 640 3315 seiten
652 3261 781 3315 einzelner
792 3261 922 3327 Biennio,
940 3261 1125 3316 insheaondere
1136 3277 1186 3316 von
1199 3260 1250 3315 dan
1261 3259 1447 3315 Embisehbieu
1465 3321 1469 3330 ¹

268 3329 376 3385 Kourad
388 3349 412 3388 v.
425 3332 513 3385 hlainz
531 3332 607 3399 (siber
624 3332 717 3387 dassen
729 3332 914 3386 Anueseuheit
925 3349 946 3386 e.
960 3333 1069 3402 nutent)
1088 3350 1113 3388 u.
1125 3331 1284 3385 Wiehmauu
1301 3349 1325 3386 r.
1339 3331 1367 3384 M
1404 3330 1447 3384 de-

268 3402 344 3472 hurg,
362 3403 441 3456 sowie
453 3402 512 3457 dem
524 3402 634 3457 Bisehoi
643 3401 779 3457 Eberhard
791 3402 826 3458 11.
840 3420 862 3457 e.
875 3403 1016 3473 hamburg,
1034 3402 1159 3472 gemeuht
1176 3402 1281 3458 worden
1294 3400 1361 3457 sind.
1424 3401 1448 3455 it

269 3471 329 3526 dem
347 3473 418 3527 Tude
436 3472 544 3527 Vihtnrs
557 3473 602 3526 IV.
621 3473 677 3527 und
694 3473 741 3527 der
758 3473 883 3527 Erhebun
919 3473 1047 3528 Pesehals
1060 3473 1110 3530 III.
1129 3472 1205 3528 hatte
1223 3473 1289 3527 eheu
1307 3472 1350 3526 die
1368 3471 1447 3526 Stim-

268 3560 294 3597 m
360 3543 403 3598 dtr
413 3543 562 3598 Alexander
573 3543 861 3598 HLinDentaehland
893 3544 1140 3599 nwaehaarhelten.
1170 3544 1231 3614 Vgh
1244 3543 1293 3597 das
1305 3542 1446 3597 Suhreiben

268 3613 315 3667 dos
352 3614 471 3668 ordinale
483 3614 548 3669 Otto
566 3632 601 3669 an
612 3615 768 3670 Erabieehoi
776 3615 892 3669 Thomas
911 3633 935 3670 v.
949 3615 1113 3684 Canterhnry
1132 3611 1347 3684 (BouquetXVI,
1366 3615 1446 3680 238):

267 3683 376 3738 Electus
393 3684 574 3754 Mogontinus‚
600 3685 646 3756 qui
669 3703 705 3739 ιιιι
738 3686 884 3740 rreeessit
908 3703 924 3740 a
950 3686 1054 3740 domiuo
1079 3702 1148 3756 papa
1166 3688 1194 3738 et
1211 3684 1293 3752 euxia,
1321 3683 1445 3738 nennium

269 3753 398 3809 (luidonis
424 3755 459 3809 ad
483 3772 511 3810 ae
534 3757 679 3810 vomentem
704 3703 739 3811 ii
761 3759 833 3810 terra
853 3773 904 3810 sna
921 3756 1000 3811 eieeit
1016 3760 1045 3810 et
1061 3756 1235 3810 eomminatns
1253 3758 1295 3809 est
1310 3755 1343 3822 ei,
1363 3754 1442 3824 quod,

267 3825 291 3877 si
308 3825 365 3895 ipse
384 3827 422 3880 vel
441 3826 509 3880 alius
527 3827 637 3881 nundus
656 3843 687 3881 ex
799 3827 1027 3882 eehismatioorum
1045 3827 1080 3882 ad
1102 3843 1130 3880 se
1152 3826 1264 3880 alterins
1286 3824 1440 3896 perveniret,

267 3895 291 3948 ai
309 3896 397 3950 oeulos
415 3898 472 3950 erui
490 3897 595 3952 lauerat
631 3897 733 3952 Nomen
759 3898 857 3952 domini
882 3899 1020 3952 manifeste
1043 3897 1187 3969 praedicat
1223 3895 1281 3950 Hoe
1304 3895 1378 3950 norit
1395 3895 1443 3950 im-

300 3969 372 4021 rator
388 3970 417 4021 et
434 3967 547 4021 multum
565 3967 644 4022 dolet
674 3967 712 4022 Et
728 3969 805 4039 quasi
821 3972 924 4022 eertum
941 3968 1055 4023 hahetur
1073 3969 1101 4023 in
1112 3971 1192 4034 terra,
1211 3965 1282 4049 quod
1293 3965 1444 4037 praediatus

296 4038 438 4106 oguntinue
457 4038 491 4092 ed
509 4038 589 4108 pedes
606 4038 705 4093 domini
722 4057 807 4163 papae
825 4040 972 4094 eooeeeerit
1000 4039 1093 4093 Eidem
1111 4038 1267 4108 Moguutmo
1285 4035 1446 4091 oonoordaut

299 4124 314 4160 r
331 4108 418 4162 omnia
429 4107 596 4162 Txeverensis
612 4114 641 4162 et
656 4109 726 4164 Salis
745 4110 866 4179 urgensis
883 4113 913 4164 et
928 4109 982 4164 iere
999 4110 1093 4180 reliqui
1111 4109 1242 4180 principes
1259 4124 1356 4174 omues,
1375 4107 1445 4161 sient

287 4179 368 4245 'aaut
392 4182 449 4233 tam
473 4181 620 4234 saeenlmee
645 4197 724 4250 quam
749 4181 929 4248 ecelesiastici,
952 4185 1058 4252 exeepto
1076 4181 1113 4236 im
1146 4182 1232 4234 xatnre
1249 4181 1278 4232 et
1296 4178 1443 4233 Coloniensi

267 4252 295 4302 et
312 4248 379 4303 duee
396 4249 531 4306 Saxoniae.
567 4250 803 4320 Magdebnrgensia
826 4269 910 4322 nuper
932 4251 1012 4305 rediit
1036 4251 1069 4304 de
1121 4249 1274 4319 'erosolyma
1297 4253 1326 4303 et
1351 4252 1444 4318 eaptus

268 4319 440 4374 aSeraoenie
465 4322 550 4389 vovit,
572 4321 667 4392 quodsi
690 4321 855 4389 libereretur,
880 4321 985 4377 domino
1009 4338 1093 4393 papae
1116 4320 1254 4374 manifeste
1281 4319 1443 4375 adhaereret

267 4389 303 4444 he
320 4391 361 4445 ita
377 4391 516 4444 manifeste
533 4391 605 4446 iecit
648 4391 708 4461 Vgl.
727 4392 793 4446 dean
811 4392 929 4447 Feehner
947 4409 970 4447 a.
986 4409 1009 4448 a
1023 4391 1053 4448 0.
1073 4391 1099 4446 S.
1119 4395 1171 4446 444
1189 4391 1217 4458 i,
1237 4421 1269 4430 —-
1289 4391 1353 4444 dher
1364 4389 1444 4446 Eber-

267 4460 334 4515 hard
352 4460 388 4515 Π.
407 4479 431 4516 ι.
450 4461 582 4538 Bamherg
599 4480 620 4516 s.
674 4479 755 4531 agner
773 4480 796 4518 a.
811 4480 834 4518 a.
848 4463 879 4517 0.
899 4463 925 4516 S.
939 4463 1024 4530 lod.)
1061 4461 1128 4531 Sagt
1143 4461 1173 4531 ja
1191 4460 1326 4516 Friedrich
1345 4461 1443 4514 selber:
