3617 5284
1383 605 1447 674 293

269 793 384 841 onum
416 777 649 842 muneribus
681 777 824 842 universe
857 777 938 842 de
929 777 1058 861 imperio
1087 797 1143 863 per
1171 780 1291 844 vestros
1320 779 1447 844 ecclesie

269 863 464 938 ιιιιιιιιιι,
493 861 700 928 ιιιιιιιιιιι
662 866 700 927 ιι
725 866 792 928 tam
820 863 947 929 ecclesie
970 881 1068 946 quam
1089 863 1232 940 cenobia,
1262 863 1375 962 quibus
1398 866 1447 929 vel

290 947 357 1011 anis
390 911 577 1013 cottidianus
607 968 670 1014 non
704 949 869 1027 sufficit'
859 969 893 1012 m
923 949 1099 1032 erogatione
1121 950 1259 1034 pecunie,
1291 949 1325 1013 in
1354 953 1447 1034 pastu

268 967 489 1110 familiarum'
480 1034 513 1098 in
525 1034 733 1100 stabulatione
749 1054 901 1119 equorum
916 1035 1056 1100 Romane
1072 1035 1198 1100 ecclesie
1213 1054 1307 1119 super
1322 1055 1447 1100 onmem

268 1118 421 1201 possibilit
407 1121 506 1184 tatem
542 1138 633 1185 suam
670 1120 823 1186 deservire
867 1120 1055 1205 compellant
1056 1140 1101 1185 ur
1103 1120 1137 1204 *J
1190 1121 1258 1186 Hec
1294 1121 1448 1204 siquidem

268 1207 300 1268 et
332 1205 422 1289 pluro
456 1206 504 1269 his
538 1205 754 1271 serenissimus
787 1206 932 1272 domium
964 1209 1036 1271 nost
1037 1225 1071 1271 cr
1102 1207 1271 1290 imperator
1303 1207 1336 1271 in
1369 1207 1447 1273 facie

173 1359 178 1365 ,
268 1290 446 1373 sollempnis
483 1291 567 1356 curie
610 1292 699 1357 nobis
741 1292 912 1375 ceterisque
948 1292 1139 1376 principibus
1176 1293 1242 1358 suis
1278 1293 1447 1376 proposuit,

268 1375 435 1441 ostendens
458 1377 624 1455 evidenter,
647 1376 740 1476 qnod
751 1377 861 1442 tales
852 1377 982 1442 miurius
1005 1378 1044 1442 ιιι
1060 1397 1228 1460 gravamen
1242 1397 1372 1462 persone
1392 1399 1448 1444 sue

268 1463 300 1525 ιι
314 1462 564 1526 imminutionem
583 1425 740 1528 honoris
730 1464 852 1547 rmperii
874 1481 932 1528 nee
952 1464 1051 1547 possit
1072 1482 1130 1529 nec
1151 1465 1263 1529 debeat
1285 1465 1448 1530 sustinere.

352 1577 445 1644 Unde
473 1580 506 1642 et
531 1597 603 1653 nos,
633 1579 687 1660 qni
719 1578 757 1642 de
783 1579 992 1644 conservando
1022 1582 1054 1643 ιι
1075 1579 1336 1645 manutenendo'
1327 1598 1394 1645 rure
1417 1582 1449 1644 et

267 1663 419 1728 honore
411 1663 532 1747 imperii
560 1664 740 1746 imperatori
771 1669 803 1729 et
828 1664 944 1729 illustri
966 1664 1029 1728 filio
1052 1683 1123 1742 suo,
1134 1665 1359 1730 Romanorum
1381 1666 1447 1748 regi

267 1753 415 1830 augruto,
449 1767 504 1831 per
536 1752 768 1814 sacramentum
801 1754 959 1828 tenemur,
992 1750 1212 1816 nichilominus
1242 1769 1366 1833 quoque
1400 1771 1449 1816 re·

267 1833 399 1898 verende
426 1833 520 1898 matri
545 1837 651 1899 nostre
679 1840 787 1912 sancte
809 1836 950 1901 Romane
979 1836 1106 1901 ecclesie
1127 1835 1299 1902 dilectionis
1321 1840 1353 1901 et
1375 1837 1447 1902 obe·

270 1919 373 1984 dentie
405 1919 508 1984 debito
541 1920 743 2003 astringimur
776 1924 808 1985 ιι
835 1927 999 2005 paternam
1025 1922 1224 1987 sanctitatem
1251 1926 1389 1987 vestram
1414 1923 1447 1986 in

268 2006 370 2070 intimi
402 2005 502 2070 cordis
536 2005 712 2070 sinceritate
738 2007 963 2090 amplectimur,
998 2007 1211 2072 excellentium
1237 2010 1305 2072 vest
1305 2026 1372 2072 ram
1395 2009 1448 2072 ob·

266 2092 336 2156 nire
365 2094 510 2172 rogantes
537 2092 636 2156 totius
661 2092 787 2156 humilit
773 2092 911 2158 tatist
878 2097 911 2158 et
936 2092 1040 2158 filiolis
1069 2092 1170 2158 ιιιιιι
1147 2093 1300 2158 ιιιιιιι
1269 2092 1372 2158 studio
1395 2094 1448 2157 de-

267 2195 439 2325 precamur,
431 2179 539 2258 ,quat
538 2177 610 2241 inus
633 2177 672 2241 od
694 2177 821 2243 laudem
835 2177 943 2243 1)ιιι
911 2181 943 2242 ιι
956 2197 1065 2262 pacem
1080 2197 1117 2243 ao
1141 2179 1296 2244 unitatem
1319 2179 1446 2244 ecclesie

298 2281 326 2328 ιι
349 2266 381 2327 ιι
401 2261 536 2345 rmperii,
566 2281 627 2344 que
655 2282 739 2329 nunc
768 2265 826 2329 toti
853 2263 971 2329 mundo
998 2263 1202 2329 desideranda
1229 2263 1315 2329 venit
1343 2269 1375 2328 et
1396 2283 1447 2330 er·

266 2348 411 2432 optanda,
430 2363 479 2425 ιι,
502 2366 563 2431 que
585 2348 624 2415 ad
646 2368 814 2430 gravamen
828 2350 951 2433 imperit
943 2349 1048 2415 laeta
1063 2349 1229 2416 dinoscunt
1229 2369 1275 2428 ur,
1298 2351 1447 2448 quoniam

268 2435 397 2500 anobis
418 2452 456 2498 ea
470 2435 617 2499 sustineri
639 2437 696 2499 aut
716 2437 775 2500 sub
789 2436 914 2501 silentio
936 2437 1077 2520 preteriri
1099 2435 1170 2500 fidei
1191 2439 1297 2501 nostre
1320 2435 1447 2502 sinceri·

267 2521 328 2584 tati
347 2521 528 2585 nullatenus
543 2521 729 2599 conveniret,
752 2521 865 2587 saniori
888 2540 961 2586 vero
976 2521 1101 2604 expedit
1115 2521 1250 2599 consilio,
1272 2521 1444 2605 permutari

268 2605 397 2671 faciatis.
429 2605 605 2683 Veraciter,
633 2607 660 2670 ιι
688 2607 763 2689 quid
785 2625 805 2671 a
826 2607 950 2673 domino
971 2607 1158 2690 imperatore
1181 2607 1389 2672 intelleximus
1413 2610 1445 2672 et

267 2710 323 2774 pro
344 2692 412 2775 ipso
433 2694 596 2769 testamm,
626 2693 679 2774 qui
700 2695 831 2776 paratus
853 2696 902 2758 est
931 2695 962 2756 et
984 2711 1106 2776 semper
1128 2692 1188 2758 tuit
1210 2693 1250 2757 ad
1271 2693 1444 2758 faciendum

266 2777 421 2842 iustitiam
448 2783 480 2842 et
505 2777 714 2861 recipiendam
743 2781 776 2843 et
803 2797 896 2863 super
926 2778 990 2856 his,
1023 2798 1083 2862 que
1110 2778 1258 2844 adversus
1280 2778 1446 2862 imperium

267 2863 396 2928 ecclesia
427 2865 638 2947 proposuerit,
671 2864 783 2929 iudicio
811 2864 997 2929 ιιιιιιιιιιι·)
1028 2865 1170 2947 componi
1199 2867 1254 2928 aut
1281 2864 1445 2930 arbitratui

266 2949 417 3015 bonorum
437 2951 577 3013 virorum
607 2967 771 3014 assensum
792 2949 1007 3015 indubitanter
1028 2951 1165 3035 prebere.
1208 2949 1339 3034 Propter
1362 2950 1444 3032 quod

265 3033 459 3100 honorabiles
481 3035 572 3106 viros
594 3035 734 3100 litterata
754 3035 900 3119 preditos,
929 3035 1148 3120 prudentiaet
1133 3035 1352 3102 tdiscretione
1374 3055 1445 3100 con-

265 3121 399 3203 spicuos,
421 3119 624 3185 Woltwinum
651 3122 860 3271 prepositum,
892 3122 1080 3204 magistrum
1113 3121 1300 3186 Αιιιιιιιιι)
1325 3122 1444 3186 schola·

265 3207 380 3270 sticum
417 3205 597 3289 Spirensem
638 3210 670 3272 et
705 3209 893 3289 magistrum
928 3206 1097 3272 Ludolfum
1133 3207 1443 3290 Megdeburgensem,

264 3291 424 3356 sanctitati
446 3295 549 3356 vestre
571 3291 718 3358 duximus
739 3292 1012 3370 transmittendos,
1033 3298 1197 3376 paternam
1219 3293 1443 3376 benignitatem

265 3379 401 3442 vestram
413 3378 596 3461 propensius
608 3384 779 3456 exorantes,
802 3378 950 3461 quatinus
963 3381 1111 3443 consueta
1123 3379 1287 3461 apostolice
1299 3397 1444 3444 mansne·

263 3463 380 3528 tudinis
391 3463 524 3528 karitate
536 3483 589 3529 eos
599 3465 736 3547 recipere
751 3469 791 3541 et,
807 3483 867 3547 que
880 3483 918 3529 ex
929 3467 1017 3547 parte
1028 3468 1135 3529 nostra
1147 3465 1371 3548 proposuerint,
1383 3465 1444 3530 cle-

262 3551 385 3615 menter
396 3549 502 3614 audire
509 3549 680 3632 dignemini
687 3551 832 3616 acrerbie
840 3569 948 3616 eorum
959 3549 1054 3615 tidem
1066 3551 1275 3616 indubitatam
1286 3550 1441 3616 adhibere.
1461 3555 1463 3560 '

264 3711 356 3718 *ἡ
357 3711 472 3718 .-----·

351 3781 377 3850 ι)
396 3779 430 3834 So
448 3779 555 3834 Radulf.
591 3780 733 3850 Ludewig.
752 3780 857 3834 iusticie
875 3777 1017 3834 emirabili.

351 3850 379 3919 ιι)
397 3849 554 3904 Soistnach
568 3849 799 3906 Winterauleeen
820 3851 961 3920 Luderrig:
978 3849 1148 3903 Woltwinum
1161 3849 1323 3920 prepositum
1335 3847 1442 3917 Magdo-

204 3932 206 3935 ·
263 3920 427 4020 burgensem,
445 3919 587 3975 Andream

351 3963 525 4044 *dholiche
542 3989 629 4059 Klage
629 4008 647 4044 n
671 3989 698 4046 S.
718 3996 782 4058 110,
810 3992 896 4046 ferner
919 3993 961 4047 bei
988 3992 1113 4047 Lambert
1136 4007 1159 4046 ι
1179 3987 1310 4056 Ηιιιιιιιι,
1337 3986 1443 4043 Gsrhoh

263 4079 285 4116 ι.
303 4060 353 4186 pipi
387 4061 507 4129 ersberg,
531 4061 573 4114 De
589 4061 793 4131 investigatione
810 4062 930 4118 Antichr.
950 4063 972 4131 I,
991 4081 1012 4118 c
1034 4066 1101 4120 ιι-
1105 4065 1147 4128 ιθ,
1173 4058 1256 4114 Gesta
1273 4031 1442 4113 'It’everorum

262 4149 283 4188 e

752 4347 957 4356 ·—-—--—-
