3617 5284
1376 563 1437 625 115

254 729 438 813 Scripturas
459 750 585 814 corpore
604 730 773 807 invenitur,
795 731 849 795 ubi
871 749 909 795 ex
929 731 1076 796 beneficio
1099 731 1166 807 Dei,
1188 751 1251 795 noo
1274 733 1439 814 tamquam

254 834 296 879 ex
316 815 415 894 feudo,
437 817 492 880 sed
507 817 593 880 velut
615 836 651 881 er
672 815 884 881 benedictione
898 816 938 880 'et
953 818 1032 881 bono
1054 815 1136 881 facto
1159 817 1257 900 ipsius
1274 819 1440 899 gubernari

248 901 391 966 dicimur
421 906 452 966 et
479 903 599 966 nutriri.
643 903 685 966 Et
704 905 762 966 tua
784 902 911 982 quidem
932 902 1165 984 magnificentia
1185 902 1303 984 liquido
1333 923 1439 986 recog-

253 987 373 1064 noscit,
402 987 485 1070 quod
511 1008 569 1053 nos
597 989 642 1052 ita
671 989 749 1052 bene
778 991 809 1050 et
831 989 995 1052 honorifice
1017 987 1186 1071 imperialis
1209 987 1369 1070 dignitatis
1392 991 1438 1052 in-

256 1073 348 1154 signe
363 1077 417 1138 tuo
432 1073 526 1156 capiti
541 1074 756 1156 imposuimus,
778 1076 815 1136 ut
836 1074 953 1138 bonum
974 1073 1093 1138 factum
1108 1073 1211 1138 valeat
1232 1074 1271 1138 ab
1294 1076 1437 1139 omnibus

253 1159 395 1224 iudicari.
438 1159 531 1224 Unde
554 1159 637 1240 quod
660 1159 789 1241 quidam
810 1160 940 1223 verbum
962 1161 1020 1224 hoo
1042 1163 1073 1224 et
1094 1159 1181 1236 illud,
1204 1160 1334 1224 seilicet:
1359 1167 1439 1225 ‘con-

253 1245 389 1308 tulimus
416 1245 474 1309 tibi
501 1245 622 1327 insigne
651 1244 820 1328 imperialis
850 1251 997 1322 coronae‘,
1028 1264 1047 1308 a
1074 1263 1167 1309 sensu
1197 1265 1253 1310 suo
1282 1246 1342 1310 nisi
1365 1251 1440 1310 sunt

253 1327 298 1393 ad
331 1331 425 1394 alium
453 1334 647 1412 retorquere,
675 1350 737 1395 non
766 1349 803 1394 ex
830 1332 941 1396 merito
971 1349 1098 1408 causae,
1128 1331 1181 1395 sed
1211 1331 1249 1395 de
1278 1334 1438 1397 voluntate

253 1417 381 1498 propria
411 1419 443 1480 et
474 1417 598 1481 illorum
632 1417 839 1498 suggestione,
874 1417 928 1498 qui
959 1436 1068 1500 pacem
1089 1418 1177 1499 regni
1212 1419 1243 1480 et
1272 1418 1437 1482 aecclesiae

253 1502 437 1566 nullatenus
460 1501 605 1584 diligrmt,
625 1504 684 1567 hoc
706 1504 844 1584 egerunt.
881 1503 951 1566 Per
977 1503 1050 1566 hoc
1072 1502 1175 1565 enim
1197 1505 1438 1569 vocabulum

254 1588 522 1652 ‘contulimus‘
550 1588 609 1652 nil
638 1588 749 1652 aliud
778 1588 1061 1670 intelligimus,
1090 1587 1173 1652 nisi
1196 1589 1300 1669 quod
1323 1607 1438 1673 supe·

252 1673 343 1736 rius
365 1673 512 1738 dietum
534 1675 596 1738 est
617 1673 908 1757 imposuimus‘.
940 1673 1021 1738 Sane
1044 1673 1126 1754 quod
1148 1673 1348 1756 postmodum
1370 1695 1439 1758 per-

253 1777 349 1822 sonas
383 1759 627 1824 aecclesiasticas
661 1779 680 1824 a
709 1759 814 1823 debita
842 1765 1055 1824 sacrosanctae
1085 1759 1244 1823 Romanae
1273 1761 1438 1825 aecclesiae

255 1844 450 1922 visitatione,
478 1847 516 1908 ut
537 1845 662 1922 dieitur,
691 1845 827 1910 revocari
848 1845 984 1922 iussisti,
1008 1847 1033 1908 si
1056 1845 1101 1908 ita
1124 1850 1188 1923 est,
1218 1864 1314 1927 quam
1335 1847 1440 1911 incon-

255 1932 419 1994 venienter
441 1934 547 1996 aetum
569 1931 624 2007 sit,
652 1934 724 2007 tua,
748 1931 791 1994 lili
814 1932 846 1994 in
869 1930 993 1995 Obn'sto
1015 1931 1190 2007 karissime,
1222 1931 1379 2010 discretio,
1402 1935 1439 1996 ut

254 2015 421 2092 credimus,
442 2017 642 2099 recognoscit
671 2017 754 2080 Nam
776 2017 804 2080 si
826 2019 902 2098 aput
923 2035 981 2080 nos
1004 2016 1119 2097 aliquid
1144 2017 1361 2082 amaritudinis
1383 2019 1439 2082 ha-

253 2102 368 2179 bebas,
396 2121 452 2186 per
477 2101 606 2166 mundos
629 2103 661 2166 et
680 2102 802 2166 litteras
824 2105 897 2166 tuas
918 2101 1008 2166 nobis
1029 2101 1131 2165 iuerat
1152 2101 1376 2178 intimandum,
1407 2107 1438 2168 et

252 2205 314 2251 nos
335 2188 444 2252 honori
458 2190 513 2252 tuo
529 2189 765 2265 curavissemus,
786 2189 867 2252 siout
881 2187 938 2250 filii
952 2187 1115 2264 karissimi,
1137 2187 1307 2268 providere.
1345 2189 1438 2254 Nunc

252 2272 354 2353 igitur
376 2273 549 2355 quoniame
572 2273 618 2338 ad
645 2273 996 2338 commonitionem
1024 2271 1171 2336 dilecti
1199 2273 1281 2337 filii
1308 2276 1439 2338 nostri

253 2358 442 2423 Heinrioi
463 2359 683 2424 Baioariae
712 2361 753 2423 et
775 2359 972 2424 Saxoniae
996 2357 1106 2422 ducis
1125 2359 1207 2422 duos
1230 2359 1267 2423 de
1290 2359 1439 2424 fratribus

253 2445 379 2520 nostris,
400 2444 583 2509 Heinricum
605 2445 689 2509 tituli
713 2444 898 2509 Sanctorum
913 2445 1008 2508 Nerei
1030 2446 1061 2508 et
1075 2444 1207 2509 Achillei
1229 2445 1438 2527 presbiterum

254 2533 291 2594 et
317 2529 491 2595 lacinctnm
520 2530 653 2596 Sanctae
681 2531 800 2594 Mariae
826 2531 861 2594 in
889 2529 1047 2595 Cosmidin
1070 2529 1229 2594 diacouem
1253 2530 1435 2608 cardinales,

252 2616 425 2698 prudentes
447 2616 600 2698 siquidem
622 2619 655 2681 et
675 2617 821 2681 honestos
842 2615 933 2692 viros,
956 2615 996 2679 ad
1017 2617 1105 2679 tuam
1120 2616 1315 2698 presentiam
1339 2617 1434 2681 desti-

253 2720 383 2776 namus,
416 2702 633 2767 celsitudinem
666 2705 755 2766 tuam
786 2703 949 2766 monentes
979 2713 1010 2764 et
1042 2701 1205 2766 hortantes
1234 2701 1266 2764 in
1293 2702 1435 2779 Domino,

256 2788 407 2868 quatinus
423 2807 475 2852 eos
490 2789 619 2852 honeste
642 2807 678 2852 ao
699 2788 831 2870 benigne
853 2787 991 2870 recipias,
1015 2790 1047 2850 et
1069 2786 1150 2868 quod
1167 2788 1205 2852 ab
1221 2787 1265 2852 eis
1289 2807 1325 2851 ex
1347 2791 1434 2870 parte

252 2877 364 2938 nostra
384 2875 458 2937 tuae
479 2873 728 2955 magnificentiae
749 2873 844 2938 filerit
865 2872 1063 2948 intimatum,
1086 2891 1105 2936 a
1133 2873 1309 2937 sinceritate
1336 2874 1435 2937 cordis

253 2960 355 3023 nostri
375 2959 496 3024 nouerit
517 2963 574 3023 tua
595 2959 776 3024 excellentia
796 2959 991 3043 processisse,
1015 2977 1051 3022 ao
1071 2977 1127 3040 per
1142 2959 1200 3022 hoc
1222 2978 1295 3022 oum
1318 2960 1434 3024 eisdem

250 3043 326 3109 filiis
353 3047 483 3122 noetus,
512 3045 669 3109 mediante
691 3044 755 3108 iam
778 3045 858 3109 dioto
880 3045 944 3108 filio
965 3047 1072 3108 nostro
1095 3044 1188 3120 duee,
1215 3045 1261 3108 ita
1283 3045 1434 3109 celsitudo

250 3132 310 3194 tua
331 3130 457 3195 studeat
478 3131 649 3208 convenire,
672 3136 708 3195 ut
729 3131 811 3194 inter
831 3133 863 3194 te
885 3133 918 3194 et
939 3133 1072 3193 matrem
1093 3133 1182 3193 tuam
1206 3135 1434 3195 sacrosanctam

251 3216 429 3280 Romanam
458 3216 638 3282 aecclesiam
660 3217 803 3281 ammodo
824 3217 942 3280 nultus
965 3215 1134 3279 discordiae
1157 3215 1357 3280 seminarium
1381 3217 1434 3281 de-

250 3303 326 3367 beat
346 3303 549 3387 remanere.*)

341 3452 368 3515 a)
386 3467 416 3503 so
433 3449 579 3504 Recension
596 3450 621 3504 A
639 3467 665 3505 u.
685 3449 719 3517 03
738 3450 762 3502 B
779 3450 849 3503 lisst
866 3448 915 3501 das
933 3447 1011 3501 Wort
1028 3448 1088 3502 fort.

344 3521 369 3586 ’)
386 3520 514 3589 Ragswin
526 3521 657 3574 beriehtet
667 3537 689 3575 c.
703 3525 737 3574 24
749 3520 853 3574 weimr:
872 3518 959 3572 lectis
978 3522 1006 3572 et
1023 3519 1137 3587 benigna
1155 3519 1372 3589 interpretatione
1390 3539 1432 3576 er-

250 3591 346 3662 positis
368 3590 483 3658 litteris,
507 3591 650 3662 imperator
673 3591 814 3660 mitigatus
837 3593 892 3655 est,
917 3589 1119 3659 clementiorque
1136 3590 1237 3656 iactus,
1262 3592 1431 3660 quasdam

249 3678 378 3716 causas
404 3660 475 3715 alio
502 3662 579 3715 loco
603 3661 851 3728 memorandas,
877 3677 961 3729 quae
985 3659 1204 3714 seminarium
1230 3661 1431 3716 discordiae

249 3734 471 3803 prestarent,
500 3732 530 3785 si
554 3749 618 3786 uon
642 3748 790 3802 congrua
813 3730 1007 3784 emendatio
1031 3731 1272 3797 interveniret,
1300 3733 1431 3801 legatis

249 3820 310 3873 per
328 3802 486 3873 capitula
511 3803 686 3857 distinxit.
723 3801 825 3868 Quibus
844 3801 989 3854 adnutum
1009 3801 1134 3870 principis
1153 3803 1181 3854 et
1197 3819 1244 3870 per
1262 3803 1349 3855 omnia
1366 3805 1432 3858 bene

251 3873 481 3944 respondentibus,
499 3874 680 3943 presulemque
691 3873 839 3928 Romanum
857 3872 886 3924 in
903 3872 976 3924 nullo
994 3871 1081 3939 regiae
1095 3872 1221 3938 dignitati
1234 3871 1366 3940 derogare,
1386 3876 1431 3928 sed

249 3944 375 3998 honorem
387 3960 419 3997 ac
430 3943 563 3997 iusticiam
575 3944 678 4014 imperii
691 3961 792 4014 semper
809 3941 942 4008 illibatam
961 3959 1112 3994 consonare
1130 3942 1322 4011 pollicentibus,
1341 3961 1431 4013 pacem

251 4018 280 4069 et
292 4014 439 4068 amiciciam
457 4017 513 4067 tam
531 4031 632 4068 sunrmo
649 4014 768 4084 pontifici
786 4029 865 4084 quam
884 4013 954 4065 omni
972 4013 1040 4065 clero
1052 4013 1169 4065 Romano
1188 4012 1306 4066 reddidit
1323 4031 1431 4085 eamque

247 4084 472 4210 littam
489 4085 749 4208 marutia
766 4101 813 4223 lt
830 4082 1429 4222 eraserat‘'alirdatlalat

248 4225 523 4307 Beschwerdepuukte
541 4225 695 4293 angofiihrt:
714 4227 761 4281 der
777 4223 915 4290 einseitige
933 4223 1025 4275 Friede
1042 4223 1093 4276 mit
1109 4225 1167 4277 dem
1181 4223 1282 4276 Sieilier
1306 4225 1360 4278 und
1379 4226 1429 4280 den

248 4297 373 4362 Rbmern,
399 4296 442 4349 dm
461 4293 739 4365 Geld-Erpressungen
764 4296 810 4350 der
830 4295 997 4364 papstliohon
1017 4293 1168 4347 Gesandten
1192 4295 1219 4346 in
1238 4293 1429 4364 Deutsohland,

248 4367 298 4420 das
315 4357 572 4420 Ubsrhandnehmsn
593 4366 639 4418 der
650 4367 693 4436 Ap
725 4368 852 4420 llationen
871 4365 918 4416 aul
927 4364 1027 4417 Kosteu
1040 4364 1086 4416 der
1097 4363 1282 4417 bisohbflichen
1296 4363 1430 4420 Geriohts-

248 4437 362 4491 barkeit
402 4436 445 4490 Da
462 4453 517 4490 nun
535 4436 667 4490 dieselben
688 4385 878 4492 &aaran
899 4435 998 4488 beroits
1019 4435 1046 4487 in
1068 4434 1127 4487 dem
1148 4434 1289 4487 Schreibsn
1309 4436 1337 4502 b)
1357 4453 1381 4490 u.
1402 4438 1430 4504 d)

249 4508 365 4562 erhoben
377 4507 493 4574 worden,
511 4522 541 4560 so
554 4507 614 4560 sind
632 4506 675 4560 die
688 4525 800 4575 „causae
812 4505 941 4578 quaedam
957 4505 1009 4558 alio
1021 4505 1077 4558 loco
1091 4505 1128 4572 (d.
1138 4505 1156 4559 i.
1170 4522 1191 4559 a.
1203 4504 1228 4558 J.
1244 4508 1322 4572 1159)
1336 4523 1430 4561 memo·

1222 4575 1262 4638 8*
