3617 5284
1387 591 1451 657 291

270 763 376 824 autem
402 763 597 826 armamento
625 779 763 826 asserere
791 763 932 838 tenetur,
962 780 1025 827 non
1046 761 1170 846 proprie
1191 761 1366 840 voluntate,
1396 761 1451 828 sed

270 847 378 931 inpetu
400 848 474 929 equi
494 847 602 912 uillam
625 849 768 924 intrusae,
790 848 927 929 alioquin
950 847 1080 912 violator
1100 847 1186 931 pacis
1209 847 1276 913 erit

356 934 384 996 6.
409 931 443 998 Si
464 933 536 1015 quis
557 932 639 997 hane
659 951 769 1017 paoem
791 933 956 998 homicidio
978 931 1152 1016 infregerit,
1183 933 1209 998 11
1237 933 1372 1017 ospitem,
1401 950 1452 997 oa·

269 1017 399 1100 pitalem
421 1019 611 1083 sentent-iam
633 1018 757 1084 subibit

357 1107 385 1167 7.
409 1103 443 1168 si
465 1104 602 1186 aliquem
624 1104 842 1182 vulneraverit,
864 1123 978 1168 manus
1000 1103 1067 1169 eius
1089 1106 1278 1189 amputetur.

357 1191 385 1252 8.
409 1189 443 1254 si
464 1209 537 1255 reus
559 1192 736 1274 perpetrato
758 1190 910 1255 maleficio
932 1189 1082 1272 effugerit
1104 1208 1161 1273 per
1181 1189 1280 1254 trinus
1303 1191 1452 1272 quatuor·

270 1274 370 1339 decim
392 1274 514 1340 dierum
534 1275 675 1341 inducias
697 1277 818 1341 1111111.

356 1363 385 1424 9.
408 1360 443 1426 Si
471 1362 604 1438 venerit,
633 1361 767 1445 septima
794 1380 892 1426 mauu
920 1379 954 1426 se
983 1363 1146 1511 espurget,
1176 1361 1236 1426 nisi
1258 1360 1337 1426 forte
1360 1359 1451 1426 occisi
1564 1418 1568 1446 ,
1654 1391 1659 1402 ·

270 1446 320 1594 111
349 1445 502 1511 1111111111
536 1447 650 1530 aliquis
682 1449 801 1512 amicus
835 1466 909 1512 eum
948 1447 1008 1513 due

270 1532 410 1596 venerit

358 1618 408 1683 10.
430 1617 469 1681 In
491 1637 553 1701 quo
575 1619 603 1682 si
624 1617 784 1694 ceciderit,
814 1621 978 1684 aecusatus
1006 1617 1045 1684 de
1072 1618 1238 1685 homicidio
1271 1618 1348 1684 collo
1370 1618 1453 1702 plec-

270 1705 370 1778 tatur;
387 1704 425 1768 de
441 1703 589 1768 effusione
604 1704 764 1786 sauguinis
780 1708 946 1769 aecusatus
961 1703 988 1769 si
1003 1703 1156 1782 ceciderit,
1170 1723 1301 1769 manum
1316 1705 1395 1768 amit
1429 1706 1452 1768 t.

358 1791 407 1852 11.
431 1788 465 1855 Si
492 1789 650 1854 homicida
674 1790 723 1855 vel
752 1789 931 1855 vulnerator
958 1790 990 1855 in
1017 1790 1099 1856 11111
1121 1791 1335 1874 deprehensus
1357 1789 1452 1854 luant

271 1877 304 1937 11
324 1874 523 1956 protenderit,
545 1874 629 1958 quod
650 1876 710 1940 hoc
729 1875 763 1939 iu
785 1875 963 1941 defensioue
986 1877 1048 1941 vite
1070 1895 1126 1941 sue
1148 1876 1263 1952 iecerit
1286 1894 1359 1940 oum
1376 1875 1450 1940 viris

272 1959 360 2024 bonis
381 1964 414 2024 et
434 1960 573 2043 probatis
595 1959 729 2044 sept'ma
749 1979 845 2025 manu
868 1981 902 2026 se
925 1965 1088 2045 expurget,
1117 1961 1178 2026 nisi
1198 1960 1337 2044 predicto
1360 1961 1452 2025 modo

272 2045 391 2110 1111111
412 2046 503 2110 occisi
523 2046 574 2111 uel
595 2046 749 2111 vulnerati
772 2065 845 2111 eum
867 2046 970 2112 duello
992 2047 1171 2112 convincere
1193 2046 1334 2112 voluerit

358 2150 407 2212 12.
430 2147 464 2213 Si
480 2149 550 2231 qnia
566 2150 703 2233 aliquem
725 2149 934 2234 expoliaverit,
956 2149 1116 2216 confessus
1131 2153 1188 2215 aut
1201 2148 1273 2214 iude
1290 2149 1452 2214 convietus

272 2233 377 2299 ablata
398 2236 517 2317 integre
538 2236 686 2300 restituet
707 2240 739 2300 et
759 2234 854 2301 iudici
876 2239 1056 2320 componet3
1080 2237 1107 2302 si
1128 2235 1261 2302 voluerit
1276 2235 1452 2320 expurgari,

273 2319 339 2385 sola
359 2338 457 2385 manu
478 2339 512 2385 se
537 2340 573 2386 ex
596 2325 695 2405 urget

360 2341 701 2473 131111111111111
728 2407 866 2490 legitime
894 2407 980 2472 citati
1011 2407 1051 2472 ad
1078 2410 1186 2472 ternae
1207 2407 1348 2472 inducias
1376 2425 1453 2490 qna·

272 2492 444 2557 tuordeeim
465 2492 586 2558 dierum
606 2493 711 2559 uenire
725 2493 977 2578 contempserint,
999 2493 1060 2578 ipsi
1075 2498 1106 2558 et
1122 2511 1229 2558 eorum
1243 2498 1452 2577 receptatores

273 2595 329 2642 seu
350 2578 489 2663 hospites
510 2579 561 2644 rel
582 2579 678 2644 etiam
699 2579 837 2645 lautores
850 2579 1091 2663 proscribentur,
1112 2579 1173 2644 nisi
1188 2579 1226 2644 de
1240 2579 1300 2644 hoc
1315 2579 1452 2644 accusati

274 2664 341 2728 sole
362 2681 458 2730 manu
480 2683 514 2728 se
536 2665 783 2748 expurgaverint.

360 2749 559 2816 1111111111
588 2750 825 2816 malefactorum
853 2750 1076 2834 proscriptores
1108 2749 1147 2814 ed
1174 2749 1365 2834 presentiam
1394 2749 1452 2813 im·

272 2835 423 2917 potatoris
446 2834 559 2900 debent
580 2837 685 2901 venire
707 2843 739 2902 11
761 2855 780 2901 1
801 2855 860 2901 sua
881 2835 1047 2901 clementia
1068 2835 1233 2920 postulare,
1256 2837 1293 2900 ut
1307 2835 1377 2900 illos
1393 2853 1451 2899 sua

273 2919 446 3003 proscribat
468 2922 663 2987 auctoritate.

361 3008 408 3069 15.
429 3006 611 3073 Probabunt
632 3009 728 3073 etiam
750 3027 823 3078 cum
844 3010 966 3090 septem
987 3007 1069 3085 viris,
1091 3008 1198 3071 ternas
1213 3004 1449 3088 quatuordeeim

273 3091 395 3156 dierum
416 3091 556 3158 11111111
578 3095 611 3158 11
632 3113 741 3158 earum
763 3093 935 3176 quamlibet
957 3093 1000 3158 ein
1022 3091 1161 3174 legitime
1184 3091 1275 3156 datus
1300 3090 1407 3156 inisse.

361 3179 410 3241 16.
433 3177 467 3242 Si
488 3197 560 3245 vero
581 3178 746 3264 proscripti
766 3179 800 3243 in
814 3178 1036 3263 proscriptIone
1051 3176 1247 3262 imperatoris
1262 3195 1318 3262 per
1333 3196 1452 3241 annum

274 3265 307 3326 11
327 3262 411 3327 diem
431 3263 561 3342 fuerint,
589 3266 711 3347 exleges
740 3267 833 3328 erunt
862 3267 894 3329 et
923 3263 1009 3328 omni
1035 3264 1095 3328 iuri
1118 3263 1156 3328 de
1179 3265 1281 3328 cetero
1303 3263 1453 3328 carebunt

274 3367 331 3413 nee
350 3349 401 3414 ius
424 3349 549 3432 aliquod
570 3350 603 3415 in
625 3349 781 3416 beneficiis
804 3352 836 3414 et
858 3349 979 3414 allodiis
1002 3350 1169 3414 habebunt

361 3437 410 3498 17.
432 3435 549 3500 Taliter
570 3436 757 3521 proscriptos
777 3454 836 3501 neo
856 3436 1025 3519 imperator
1046 3454 1105 3500 nec
1125 3433 1217 3499 iudex
1240 3433 1320 3500 alius
1342 3453 1361 3499 a
1383 3453 1453 3519 pro·

273 3519 438 3604 scriptione
460 3521 618 3587 absolvere
641 3520 742 3600 debet,
763 3522 825 3587 nisi
845 3521 933 3606 prins
956 3521 1053 3586 sotori
1074 3519 1269 3586 satisfecerit.

360 3608 409 3671 18.
430 3607 570 3673 Violator
590 3608 677 3691 peois
699 3626 718 3672 a
738 3607 839 3673 iudice
867 3607 982 3672 citatus
1012 3606 1052 3671 ad
1074 3605 1223 3672 iudicium
1250 3606 1357 3672 veniet
1379 3625 1451 3670 cum

271 3691 402 3774 triginta
434 3692 545 3776 gladiis
576 3696 702 3758 tantum
723 3713 782 3759 nee
802 3693 908 3778 plures
938 3708 1034 3776 quam
1061 3691 1231 3769 XXVIIII,
1264 3694 1302 3756 11
1321 3691 1388 3774 ipse
1411 3692 1453 3756 sit

273 3776 462 3857 tricesimus,
491 3797 597 3845 secum
623 3779 752 3857 habeat,
782 3779 836 3862 qui
856 3779 946 3843 nulla
968 3796 1055 3843 arma
1076 3781 1179 3863 proter
1201 3776 1320 3861 gladios
1341 3776 1452 3842 lerant.

273 3863 311 3926 Iu
326 3864 451 3928 arbitrio
465 3865 575 3930 iudicis
590 3865 640 3942 sit
656 3868 733 3947 quot
747 3865 887 3930 homines
905 3867 938 3929 11
955 3883 1017 3947 que
1032 3882 1120 3929 arma
1134 3864 1249 3928 habere
1263 3862 1405 3928 voluerit.
1419 3863 1450 3942 *1

361 3950 410 4013 19.
430 3949 553 4015 Iudices
575 3951 633 4034 ipsi
655 3951 841 4033 1111111111
870 3955 979 4015 contre
1000 3950 1093 4014 huius
1115 3948 1199 4034 pecie
1223 3948 1452 4012 iustitutionem

272 4032 401 4098 leserint
421 4034 471 4099 vel
492 4035 584 4100 alicui
605 4036 744 4101 iniuncti
765 4035 897 4111 1111111,
926 4035 964 4101 da
986 4053 1019 4100 se
1041 4035 1116 4121 ipsis
1145 4034 1298 4099 iustitiam
1326 4032 1451 4110 faciam,

274 4119 411 4202 alioquin
426 4123 574 4203 gravacu
588 4121 719 4186 literam
733 4122 847 4188 habeat
861 4123 1049 4206 potestatem
1064 4139 1158 4206 super
1173 4139 1209 4184 eo
1224 4118 1451 4202 querimoniam

182 4219 191 4233 ·
272 4205 417 4271 movendi
438 4225 542 4272 coram
563 4206 657 4272 iudici
678 4207 836 4292 superiori.

358 4291 409 4356 20.
432 4292 466 4358 Si
488 4293 588 4358 viator
610 4293 754 4376 equitans
774 4311 901 4358 necesse
915 4292 1061 4357 habuerit
1074 4310 1200 4376 pascere
1215 4310 1332 4373 equum
1348 4308 1451 4367 sunm,

1034 1466 1051 1512 0
1089 1465 1183 1530 snper
1219 1447 1277 1511 hoc
1312 1447 1451 1530 inpetere

363 4512 389 4576 *)
406 4510 466 4579 Vgl.
486 4508 647 4564 Constitutio
665 4507 698 4562 ne
716 4525 780 4579 pace
798 4509 912 4562 11111111
930 4508 988 4564 Art
1010 4510 1057 4564 lt!
