3617 5284
1409 567 1429 632 3

260 737 387 792 electione
405 754 454 792 sua
471 740 500 792 et
517 737 671 792 confirmata
688 737 721 791 ab
741 737 869 802 omnibus,
888 737 922 790 eb
942 736 1071 807 episcopis
1089 753 1168 806 quam
1186 737 1305 860 pluribus
1323 738 1351 791 in
1369 755 1384 792 e
1401 737 1437 791 is-

257 812 380 879 copatum
392 809 553 862 sollemniter
565 811 607 862 est
625 808 770 864 ordinatus.
798 807 929 862 Saxonum
950 824 1008 860 vero
1026 807 1157 878 principes
1174 811 1245 860 utra
1262 808 1365 862 Renum
1403 809 1435 861 ‘s-

255 879 350 948 positis
368 879 396 933 in
414 879 473 949 ripa
491 879 606 932 fluminis
625 879 681 932 sine
698 894 806 932 numero
824 878 919 932 castris
939 877 1079 931 honorifice
1097 877 1285 945 consedenmt,
1311 882 1339 932 et
1357 896 1437 949 supra

256 965 299 1002 eos
324 949 468 1019 Liupoldus
493 949 609 1004 marchio
635 965 694 1002 cum
720 947 785 1002 duce
809 949 945 1002 Bawarico
971 965 1030 1002 cum
1054 963 1149 1016 magno
1172 948 1287 1002 militum
1319 949 1435 1018 collegio.

255 1019 315 1072 Dux
334 1022 422 1074 autem
440 1019 589 1073 Fridericus
612 1019 736 1073 adiuncto
760 1019 811 1073 sibi
837 1019 957 1089 episcopo
975 1018 1133 1082 Basilensi*)
1157 1019 1302 1089 oeoerieque
1320 1018 1436 1073 sweviae

253 1089 423 1160 principibus,
443 1106 475 1144 ac
487 1091 634 1160 quibusque
646 1089 787 1156 nobilibus,
806 1107 820 1143 ι
834 1089 938 1158 regione
951 1106 981 1143 ex
995 1089 1080 1142 altera
1091 1089 1160 1142 Rani
1178 1093 1253 1160 parte
1271 1091 1434 1157 consederat,

257 1163 284 1214 et
302 1160 374 1214 faeta
392 1177 509 1214 seorsum
522 1161 676 1284 principum
695 1160 846 1214 collectione
864 1177 916 1213 non
935 1159 1053 1224 modica,
1071 1163 1163 1229 utpote
1182 1161 1228 1230 qui
1247 1159 1364 1214 animum
1381 1162 1435 1214 iem

255 1230 283 1284 in
310 1248 420 1300 ragnum
446 1231 598 1285 interierat
623 1233 651 1284 et
678 1231 753 1300 quasi
779 1247 824 1302 spe
848 1235 921 1284 carta
938 1247 1046 1300 preooou
1067 1233 1170 1296 areret,
1195 1230 1296 1299 fingens
1315 1232 1436 1286 timorem

254 1301 520 1370 hlogontinieusium,
549 1301 656 1355 distulit
681 1301 715 1356 ad
743 1302 890 1372 principum
914 1301 1001 1354 venire
1024 1248 1196 1370 colloquium:
1224 1306 1253 1355 et
1276 1305 1385 1372 paratus
1408 1303 1436 1356 in

256 1387 343 1454 regem
356 1372 428 1440 eligi,
447 1373 494 1426 sed
513 1389 564 1427 uon
583 1388 672 1440 regem
691 1372 794 1440 eligere,
813 1372 886 1442 prius
898 1371 1033 1441 explorare
1051 1371 1163 1438 volebat,
1182 1389 1259 1442 quem
1271 1389 1302 1426 ex
1314 1373 1436 1427 omnibus

257 1459 713 1582 pnnmhlmcoarllhhihlrltehmllgro'ih?
726 1445 928 1594 &priamum
953 1515 982 1594 et
1004 1529 1065 1567 suos
1087 1529 1176 1567 omues
1199 1513 1274 1582 regni
1296 1514 1434 1584 principes,

257 1584 371 1650 gratiam
389 1584 475 1637 sancti
489 1583 603 1654 Spiritus
621 1583 729 1638 hortatu
748 1584 836 1637 domm
855 1583 998 1637 cardinalis
1016 1600 1062 1654 per
1077 1584 1134 1637 anti
1152 1583 1248 1637 honam
1260 1584 1326 1638 Veni
1345 1589 1435 1638 sancte

259 1653 374 1724 Spiritus
393 1655 551 1720 inuocantes,
570 1655 653 1724 primo
673 1654 761 1708 decem
779 1671 810 1708 ex
829 1652 941 1722 singulis
959 1653 1103 1719 Bawariae,
1142 1654 1244 1720 aeriae,
1264 1654 1437 1721 hhaucouiae,

258 1723 385 1778 Senoniae
397 1725 537 1794 provinciis
555 1725 638 1794 princi
658 1741 686 1778 es
705 1725 812 1779 consilio
831 1725 949 1778 utiliores
967 1730 1167 1794 proposuerrmt,
1186 1741 1296 1794 quorum
1314 1726 1435 1780 electioni

256 1795 335 1848 ceteri
349 1811 437 1848 omnes
450 1811 585 1849 assensum
598 1741 704 1877 prehere
722 1795 948 1865 promiserunt**)
978 1795 1037 1848 Hii
1086 1812 1118 1848 ue
1130 1799 1185 1849 tres
1196 1811 1227 1849 er
1238 1796 1366 1862 omnibus,
1379 1800 1435 1850 tam

257 1864 357 1918 divitiis
371 1882 449 1935 quam
460 1865 558 1919 virtute
568 1865 649 1920 ammi
659 1866 856 1947 prestantiores,
866 1865 968 1920 scilicet
977 1865 1069 1918 ducem
1116 1865 1249 1931 'dericum
1258 1866 1435 1920 marchionem

257 1934 428 2006 liupoldum,
455 1935 545 1990 ducem
566 1936 719 1990 lotharium
741 1936 910 1990 inconcione
929 1936 1113 2003 designantes,
1139 1953 1268 1990 unomen
1286 1937 1372 1991 tubus
1390 1937 1435 2020 qui

257 2005 374 2075 placeret
390 2006 519 2068 omnibus,
538 2007 565 2059 in
584 2023 670 2075 regem
689 2006 751 2074 eligi
771 2009 965 2076 persuaserrmt
996 2005 1113 2060 Absente
1125 2011 1213 2061 autem
1226 2007 1291 2062 duce
1302 2006 1434 2062 Fridenco

256 2076 351 2158 reliqui
370 2075 422 2130 duo
440 2076 485 2146 qui
504 2073 627 2143 iderant,
647 2078 763 2132 oblatum
783 2077 833 2130 sibi
852 2077 918 2144 regii
936 2093 1030 2130 nomeu
1048 2076 1164 2147 imperii,
1189 2077 1302 2147 profusis
1320 2078 1436 2132 lacrimis

259 2147 422 2216 gembusque
440 2151 525 2200 terrae
544 2145 643 2212 defixis,
663 2147 798 2202 humiliter
817 2148 988 2201 rennuebant.
1018 2146 1076 2200 Hoc
1094 2147 1184 2217 itaque
1202 2165 1328 2216 magnum
1348 2148 1434 2214 decus,

258 2219 286 2270 st
296 2217 464 2270 memorabile
476 2234 523 2270 uec
536 2217 608 2287 prius
629 2218 757 2284 auditum,
776 2218 828 2271 iam
846 2222 936 2271 nostro
954 2221 1070 2287 tempore
1081 2216 1209 2272 Dominus
1228 2235 1290 2272 suae
1307 2219 1437 2273 concessit

257 2287 389 2354 ecclesiae,
409 2291 441 2340 ιιι
452 2288 578 2342 laicomm
590 2289 691 2342 scihoet
702 2288 887 2342 illiteratorum
899 2287 1041 2341 humilitas
1059 2288 1228 2342 sanctissima
1245 2288 1390 2342 ostenderit
1406 2289 1435 2342 in

256 2357 399 2412 maioribus
411 2375 463 2412 nou
476 2359 630 2423 ambiendis,
667 2376 728 2412 uam
747 2358 890 2429 peruiciosa
909 2357 1062 2411 clericorum
1080 2363 1108 2411 et
1125 2359 1291 2413 literatorum
1308 2361 1336 2413 iu
1354 2360 1436 2413 mino·

255 2428 337 2494 ribus,
355 2429 441 2496 magis
459 2431 549 2482 tamen
567 2446 581 2482 s
599 2429 631 2482 iri
674 2430 740 2496 bus,
760 2429 871 2483 ambicio
890 2428 1035 2499 dampnosa
1053 2428 1223 2499 delinqueret.

343 2503 368 2552 3.
394 2498 475 2553 Porro
499 2499 551 2552 dux
606 2499 717 2554 'doricus
742 2499 886 2553 ambicione
904 2502 1025 2564 cecatus,
1051 2516 1159 2568 sperans
1178 2500 1228 2554 sibi
1247 2504 1434 2570 cousequenter

255 2572 416 2624 reservatum
429 2571 458 2623 et
471 2569 546 2638 qussi
560 2569 741 2624 indubitanter
760 2569 951 2635 eonferendum,
971 2569 1041 2650 quod
1059 2586 1076 2622 a
1093 2570 1195 2624 duobus
1214 2570 1280 2624 vidit
1298 2571 1434 2625 humiliter

256 2639 416 2705 refutatum,
440 2640 493 2693 iam
513 2640 569 2694 siue
588 2640 717 2694 conductu
737 2640 827 2694 urbem
845 2656 926 2710 quam
943 2656 1017 2709 pnua
1035 2657 1094 2694 cum
1112 2641 1242 2694 conductu
1260 2641 1364 2708 ingredi
1381 2658 1434 2694 me·

255 2710 355 2775 tuebat,
375 2710 383 2762 i
436 2727 509 2764 sesua
522 2715 571 2776 est,
590 2714 617 2764 et
629 2711 778 2780 principum
791 2710 929 2764 conventui
948 2710 1073 2776 sociatus,
1092 2711 1120 2764 in
1138 2729 1225 2780 regem
1244 2711 1306 2779 eligi
1324 2715 1434 2781 paratus

256 2779 369 2836 astabat
416 2797 512 2848 urgens
525 2797 584 2834 vero
597 2781 766 2850 Mogontinus
779 2781 988 2862 archiepiscopus
1001 2782 1160 2834 consultu
1173 2781 1311 2864 requisivit
1322 2799 1339 2834 a
1350 2782 1436 2836 tribus

255 2849 363 2920 pretatis
392 2851 569 2921 principibus:
597 2855 686 2905 utrum
713 2852 769 2905 sine
796 2851 1003 2905 contradictione
1027 2851 1082 2904 sive
1109 2856 1266 2906 retractione
1290 2855 1318 2906 et
1335 2853 1438 2906 invidia

256 2920 353 2988 singuli
379 2921 475 3045 (papius
500 2921 581 2975 tercio
607 2921 779 2976 oommrmiter
798 2939 813 2975 a
831 2921 995 3004 principibus
1015 2921 1098 2975 electo
1117 2923 1215 2977 vellent
1232 2923 1356 2976 obedire?
1393 2922 1437 2976 Ad

256 3007 322 3060 quae
341 3007 386 3044 ver
403 3008 420 3044 a
451 3008 485 3045 ιιιι
497 2991 638 3046 letherius
651 2992 721 3047 sicut
732 2997 759 3047 et
771 2992 864 3063 pridie,
883 3009 916 3046 ue
934 2991 991 3062 ipss
1003 2992 1135 3046 ullatenus
1146 2993 1288 3061 eligeretur
1300 2992 1437 3047 humiliter

256 3061 372 3131 expetiit,
394 3065 422 3116 et
447 3060 566 3130 ehgendo
591 3063 744 3133 cuicumque
763 3079 791 3116 se
810 3067 841 3116 nt
859 3063 963 3115 domino
981 3065 1009 3114 st
1026 3062 1178 3132 imperatori
1196 3064 1314 3118 Romano
1331 3063 1437 3118 obedire

254 3131 440 3201 promisit.***)
459 3131 533 3186 Idem
552 3132 584 3186 de
603 3150 630 3188 se
649 3133 765 3187 marchio
777 3133 921 3204 Liupoldus
939 3132 1044 3202 publice
1063 3134 1205 3203 professus,
1223 3138 1251 3188 et
1268 3134 1343 3202 regni
1354 3134 1436 3188 ambi·

341 3331 368 3398 ¹⁸¹)
386 3330 436 3384 Dis
454 3329 619 3401 ptpstlichen
631 3329 746 3397 legateu
766 3346 851 3383 waren
865 3328 986 3384 Gsrhard
1004 3330 1059 3383 und
1076 3329 1211 3383 Romanus
1230 3328 1306 3396 (auch
1326 3329 1369 3383 bai
1388 3330 1435 3384 der

254 3399 333 3454 Wahl
342 3400 454 3454 Rudolis
472 3417 522 3454 von
531 3399 676 3454 Schwaben
693 3415 778 3452 waren
791 3400 962 3454 bekenutlich
975 3401 1071 3470 papstl.
1082 3401 1199 3468 Legateu
1212 3415 1327 3468 augegen
1336 3400 1369 3468 !);
1390 3401 1437 3455 der

254 3469 386 3526 Erwihlte
404 3488 453 3524 rou
466 3470 562 3525 Brixeu
575 3487 628 3524 war
645 3469 788 3538 Reimbsrt,
806 3471 896 3524 bisher
908 3470 965 3524 hbt
975 3487 1031 3523 -von
1044 3470 1083 3524 St.
1096 3471 1174 3524 Peter
1192 3470 1219 3522 in
1233 3469 1369 3538 Salzburg,
1389 3471 1436 3525 der

255 3558 290 3595 an
303 3541 383 3596 Stella
397 3540 591 3596 dsslaiserlich
603 3541 742 3610 gesinnten
754 3540 798 3594 Hu
818 3558 833 3594 o
850 3559 901 3594 von
920 3541 979 3594 dem
998 3544 1090 3611 streng
1108 3539 1270 3594 kirchhchen
1282 3539 1440 3597 Embiscboi

255 3610 363 3666 Kourad
378 3629 427 3666 von
443 3611 571 3680 Sahburg
584 3611 729 3680 singesetzt
742 3559 846 3665 worden
856 3628 925 3668 war:
944 3609 991 3665 der
1005 3609 1110 3680 Her-rog
1121 3628 1171 3665 von
1180 3610 1276 3664 Baiern
1289 3627 1342 3664 war
1354 3610 1435 3667 Hein-

255 3682 311 3736 rich
320 3683 367 3737 1x.
380 3682 428 3736 der
439 3681 574 3736 Scbwsrae
586 3682 761 3750 (llio—26),
781 3681 828 3736 der
842 3681 953 3736 Bischof
961 3699 1011 3736 ron
1023 3681 1102 3736 Besel
1114 3698 1167 3735 war
1176 3681 1311 3736 Barthold.
1331 3681 1371 3746 “i
1383 3683 1434 3738 Die

254 3769 287 3806 an
302 3753 357 3807 sich
377 3752 592 3824 doppelsinuigon
604 3750 707 3806 Worte:
727 3751 815 3806 dee'em
833 3769 865 3806 er
882 3753 996 3822 singan
1010 3791 1016 3804 .
1031 3791 1057 3806 ..
1075 3752 1216 3823 provinciis
1233 3752 1336 3805 werden
1350 3751 1433 3807 durch

255 3822 438 3877 Orderious
456 3823 595 3876 Vitalis
613 3823 753 3876 erliiutert:
779 3823 1016 3892 quadraginta
1033 3839 1063 3877 ex
1082 3823 1155 3877 vobis
1174 3822 1306 3892 sapientes
1324 3826 1352 3876 et
1368 3824 1434 3894 legi·

255 3894 314 3948 timi
332 3894 431 3947 milites
447 3893 579 3962 eligantur
596 3897 624 3946 et
636 3909 750 3946 seorsum
769 3897 839 3960 eant,
858 3893 961 3964 ipsique
979 3893 1122 3947 seeundum
1139 3891 1219 3946 fidem
1237 3908 1312 3946 snam
1330 3895 1359 3947 et
1375 3911 1434 3949 con·

257 3964 395 4018 scientiam
413 3963 449 4017 im
482 3966 595 4017 retorem
608 3963 716 4032 eligant.
736 3995 768 4003 -
787 3953 1037 4032 Ubergangenwird
1055 3964 1083 4016 in
1094 3962 1140 4016 der
1157 3962 1291 4028 Narratio,
1310 3963 1373 4017 dass
1393 3965 1436 4018 die

255 4034 394 4104 Majoritdt
412 4051 427 4087 a
457 4050 522 4102 auga
540 4034 583 4087 fiir
599 4032 734 4087 Friedrich
752 4050 819 4100 war;
839 4033 895 4088 dies
913 4034 1045 4088 berichtet
1062 4034 1160 4088 sowohl
1171 4032 1235 4087 Otto
1253 4049 1303 4086 von
1315 4032 1436 4104 Freishg

254 4103 348 4174 (Gesta
365 4105 395 4172 I,
420 4121 442 4159 c.
465 4109 510 4158 17:
536 4119 595 4157 cum
638 4103 772 4158 taediatus
793 4104 844 4158 dux
864 4104 1048 4170 rFridericusl)
1067 4104 1101 4157 ad
1119 4120 1228 4173 regnum
1248 4104 1372 4160 smaltis
1390 4122 1434 4159 er·

288 4175 415 4244 serretur)
430 4175 469 4228 als
479 4173 620 4229 Ordsrious
652 4175 726 4228 italis
738 4174 792 4229 und
802 4175 844 4229 die
853 4174 919 4228 Vita
927 4174 1062 4230 Chumadi
1072 4173 1280 4243 salisburgensis
1289 4174 1322 4241 (s.
1333 4177 1433 4245 unten).

269 4245 312 4300 ”t
335 4245 395 4310 Vgl.
419 4245 469 4298 mit
493 4245 576 4300 dieser
599 4244 674 4298 nicht
698 4248 772 4300 eruet
796 4262 827 4298 au
849 4245 1012 4300 nehmenden
1035 4243 1192 4314 Entsagung
1215 4243 1263 4297 das
1286 4243 1431 4300 Verhultsn

253 4315 364 4370 Rudolis
391 4332 415 4370 v.
440 4315 614 4370 Rheinfelden
638 4315 681 4370 bei
705 4315 751 4369 der
776 4315 961 4370 Forcbheimer
984 4315 1078 4380 Wahl;
1103 4332 1131 4369 es
1158 4315 1217 4384 galt
1240 4313 1288 4367 das
1314 4317 1378 4370 eben
1396 4317 1433 4370 im

253 4385 411 4440 Mittelalter
436 4385 479 4440 bei
497 4385 591 4456 Papst·
631 4385 763 4440 Bischofs·
787 4403 812 4442 ιι.
830 4385 1035 4455 Ktnigswablen
1057 4385 1100 4439 fiir
1117 4385 1175 4439 aine
1193 4385 1431 4456 Anstaudspflicht

253 4455 485 4525 (nemeacus
503 4471 527 4512 a
546 4473 570 4510 a
589 4427 620 4512 ό.
639 4456 666 4510 s.
688 4459 760 4514 (ιιι
789 4456 866 4510 uach
885 4455 1147 4510 serutaremur
1160 4460 1202 4522 ιι,
1221 4458 1362 4512 ιιι-ιιι
1380 4474 1436 4510 war

253 4525 333 4580 sehon
351 4525 441 4580 lrtbsr
458 4526 509 4580 mit
525 4525 625 4580 lothar
642 4527 708 4580 tiber
726 4526 768 4580 die
786 4526 866 4580 Wahl
884 4525 1041 4581 verbandelt
1057 4525 1168 4580 worden.
1242 4571 1245 4578 .

1144 4595 1265 4660 .1*
