3617 5284
1392 484 1452 547 139

277 652 333 717 lati
357 653 474 735 absque
485 654 691 737 repugnantia
706 655 908 732 subiecerant,
923 659 955 718 el
970 655 1278 737 membratamquam
1294 673 1350 720 suo
1361 655 1455 737 capiti

277 738 453 803 coherentia
475 739 502 804 ei
518 759 551 804 se
574 741 710 822 quadam
730 741 865 805 mirabili
886 740 1007 805 unitate
1030 740 1251 823 coniungerent
1273 746 1305 805 et
1326 741 1365 805 ab
1386 741 1454 824 ipso

276 825 457 890 nullatenus
479 825 672 891 dissiderent
716 825 778 905 Qui
807 845 879 891 vero
902 826 1050 910 apostolis
1080 827 1145 891 suis
1166 846 1222 909 pro
1245 845 1353 890 eorum
1382 826 1454 890 fidei

276 911 422 974 firmitate
444 911 587 994 promisit
609 912 730 977 heens:
764 913 851 991 ,Ecce
874 931 930 994 ego
945 913 1106 977 vobiscum
1122 931 1193 976 sum
1213 912 1368 994 usquead
1383 932 1454 977 con-

276 997 519 1062 summationem
534 998 647 1074 seculi:
669 998 721 1061 ille
736 999 844 1081 procul
866 996 960 1062 dubio
977 998 1138 1062 ecclesiam
1160 1015 1259 1074 suam,
1282 998 1370 1062 cuius
1394 997 1454 1080 ipsi

277 1083 409 1164 apostoli
424 1083 641 1164 magisterium
652 1089 898 1168 assumpserunt,
922 1102 980 1147 sua
994 1083 1198 1167 promissione
1213 1083 1350 1148 fraudari
1364 1084 1451 1148 nullo

276 1168 368 1232 modo
397 1168 543 1252 patietur,
572 1169 626 1233 sed
655 1188 725 1234 eam
753 1169 785 1233 in
815 1189 871 1234 suo
900 1172 987 1234 statu
1010 1172 1042 1234 et
1063 1169 1177 1247 ordine,
1199 1169 1272 1234 licet
1295 1169 1334 1234 ad
1355 1170 1455 1234 instar

275 1254 416 1318 naucula
442 1255 529 1318 Petri
550 1255 702 1320 fluctuare
724 1254 891 1337 aliquando
912 1255 1064 1332 rideatur,
1097 1261 1247 1339 perpetuo
1269 1255 1363 1319 faciet
1384 1275 1453 1339 per-

276 1358 410 1404 manere.
454 1341 547 1406 Unde
570 1346 601 1405 et
624 1342 767 1423 quamvis
788 1341 849 1406 hoc
870 1344 1010 1424 tempore
1033 1345 1097 1404 tres
1120 1340 1191 1406 falsi
1212 1340 1333 1416 fratres,
1357 1343 1411 1422 qni
1435 1359 1453 1404 a

276 1426 364 1490 nobis
392 1427 540 1503 exierunt,
568 1425 622 1490 sed
652 1446 716 1491 non
743 1427 871 1491 fuerunt
900 1427 938 1490 de
960 1427 1058 1502 nobis,
1085 1427 1343 1509 transfigurantes
1366 1446 1399 1491 se
1422 1427 1453 1491 in

277 1512 402 1592 angelos
424 1511 511 1589 lucis,
541 1531 614 1576 cum
636 1513 700 1576 sint
731 1512 870 1588 sathane,
901 1513 1123 1577 inconsutilem
1157 1513 1273 1578 Christi
1306 1513 1453 1590 tunicam,

276 1616 373 1678 quam
394 1599 502 1680 utique
524 1598 589 1681 ipse
612 1598 696 1662 idem
718 1618 755 1662 er
776 1617 909 1682 persona
929 1598 1163 1682 psalmographi
1185 1617 1204 1662 a
1225 1598 1365 1663 leonibus
1375 1599 1455 1682 petit

275 1685 308 1747 et
336 1701 355 1746 a
382 1682 500 1748 framea
529 1683 605 1768 eripi
634 1689 666 1749 et
695 1685 733 1749 de
761 1703 858 1749 mann
887 1685 973 1749 oanis
1002 1687 1071 1748 orat
1098 1703 1134 1749 ac
1159 1685 1300 1767 postulat
1321 1684 1454 1762 liberari,

276 1769 416 1833 scindere
446 1773 478 1833 et
507 1768 623 1834 laniare
658 1770 807 1846 laborent,
848 1769 993 1836 Christus
1022 1772 1129 1834 tamen
1158 1775 1266 1834 auctor
1294 1773 1325 1834 et
1358 1774 1453 1853 caput

276 1855 422 1919 ecclesiae
445 1873 514 1919 eam
536 1854 632 1919 uehiti
655 1857 781 1920 unicam
803 1874 950 1939 sponsam
973 1875 1064 1920 suam
1077 1855 1206 1940 provida
1228 1856 1452 1937 gubernatione

276 1943 383 2004 tuetur
394 1945 426 2004 et
436 1959 548 2005 navem
564 1941 680 2024 egregii
694 1943 867 2026 piscatoris,
881 1942 957 2006 lieet
971 1943 1076 2025 sepius
1092 1943 1256 2024 quaoiatur
1268 1941 1452 2020 aflectibus,

275 2046 338 2090 non
360 2027 514 2110 permittit
535 2025 735 2109 naufragium
758 2027 920 2092 sustinere.

360 2113 457 2177 Porro
487 2132 559 2177 oum
589 2118 764 2179 antecessor
793 2119 899 2177 noster
921 2113 1000 2177 bone
1021 2113 1170 2177 memorie
1193 2112 1349 2178 Adrianus
1370 2133 1452 2197 papa

274 2197 425 2262 Kalendis
447 2198 649 2282 Septembris,
671 2200 748 2264 dum
770 2218 912 2264 essemus
925 2199 1075 2280 Anagnia,
1099 2199 1238 2262 debitum
1259 2204 1372 2264 nature
1388 2201 1449 2264 sol-

274 2284 370 2349 visset
392 2287 424 2348 et
445 2284 483 2348 de
505 2284 597 2349 terris
621 2285 660 2349 ad
683 2287 792 2362 celum,
822 2285 861 2349 de
883 2285 954 2349 imis
975 2286 1144 2367 migrasset
1174 2290 1303 2348 vocante
1318 2285 1453 2350 Domino

275 2369 313 2433 ad
343 2389 486 2454 superna,
514 2390 549 2435 eo
571 2372 705 2436 Romam
734 2371 867 2436 deducto
896 2374 929 2434 et
949 2370 1047 2454 pridie
1069 2371 1176 2434 Nonas
1199 2369 1391 2454 Septembris
1420 2373 1452 2435 iu

275 2456 404 2520 ecelesia
422 2457 506 2521 beati
523 2456 617 2534 Petri,
645 2456 913 2542 presentibus
935 2455 1015 2521 lere
1038 2456 1222 2521 omnibus
1244 2456 1453 2534 fratribus,

274 2542 351 2606 satis
366 2542 532 2607 honorifice
555 2542 637 2607 sicut
659 2543 754 2608 moris
777 2547 825 2607 est
839 2542 1005 2619 tumulato,
1027 2546 1176 2626 oeperunt
1196 2541 1308 2606 fratres
1339 2546 1372 2607 et
1397 2563 1454 2608 nos

274 2646 346 2692 cum
364 2629 409 2693 eis
428 2629 601 2694 seeundum
612 2629 740 2694 ecclesie
751 2628 1010 2693 consuetudinem
1028 2629 1066 2693 de
1078 2627 1296 2693 substituendo
1308 2629 1451 2711 pontifice

274 2714 306 2777 in
319 2713 427 2778 eadem
439 2715 567 2780 aeclesia
579 2715 750 2779 studiosius
762 2715 907 2797 cogitare.
929 2715 970 2778 Et
984 2715 1119 2779 tribus
1135 2713 1273 2778 diebus
1291 2714 1395 2779 inter
1413 2734 1453 2780 se

275 2798 318 2864 de
334 2800 418 2883 ipsa
434 2801 624 2866 electione
640 2800 907 2883 tractantes*),
931 2801 1058 2865 tandem
1073 2801 1105 2864 in
1119 2818 1284 2884 personam
1304 2803 1454 2877 nostram,

274 2885 514 2951 insufficientem
537 2888 612 2952 huic
634 2887 720 2952 oneri
741 2890 774 2951 et
795 2890 883 2952 tante
905 2885 1067 2969 dignitatis
1089 2885 1213 2968 fastigio
1232 2887 1360 2951 urinime
1382 2906 1452 2951 con·

274 2977 446 3052 gruentem‚
470 2991 604 3038 omues
621 2972 770 3038 fratres
788 2976 993 3054 quotquot
1016 2972 1195 3049 fuerunt,
1217 2973 1348 3037 tribus
1370 2975 1453 3037 tan-

275 3063 357 3120 tum
379 3060 574 3141 exceptis,
597 3059 821 3124 Octaviano
845 3058 1021 3134 scilicet,
1042 3058 1216 3122 Iohanne
1239 3057 1284 3122 de
1308 3057 1452 3124 Sancto

273 3143 448 3208 Martino
486 3149 526 3207 et
562 3144 745 3210 Guidoue
779 3143 1045 3228 cremense**)
1081 3179 1123 3190 —
1157 3143 1224 3208 Deo
1253 3147 1343 3221 teste,
1380 3145 1453 3227 quia

273 3311 324 3364 mit
342 3310 392 3364 deu
409 3310 620 3376 Reichsfeindcn,
639 3311 735 3366 welche
754 3311 804 3364 den
822 3310 970 3380 Ausscldag
997 3311 1039 3365 bei
1059 3308 1105 3364 der
1122 3310 1292 3379 Verwerfung
1311 3310 1357 3364 der
1373 3311 1453 3364 Wahl

274 3382 434 3435 Alexanders
462 3383 516 3435 und
535 3382 582 3436 der
599 3381 794 3451 hnerhennung
812 3381 920 3436 Viktors
938 3383 1054 3450 gegeben
1073 3381 1159 3447 halet3
1192 3381 1272 3434 Prutz
1291 3399 1316 3434 a.
1336 3397 1359 3436 a.
1380 3381 1410 3436 Ο.
1430 3382 1452 3448 I,

273 3456 430 3518 arc-asl;
449 3453 555 3523 hopael,
574 3453 616 3506 dic
633 3453 819 3523 Papstwahlen
838 3471 861 3507 v.
877 3457 998 3507 11.—1l.
1015 3452 1154 3516 Jahrhdt.;
1175 3453 1281 3518 Iurene,
1299 3452 1452 3534 Papstwahl

273 3541 298 3576 u.
317 3524 481 3585 Kaisertnm3
510 3524 682 3578 Giesebrecht
698 3524 730 3590 V,
756 3528 832 3578 227-
845 3527 912 3588 2433
942 3523 1068 3588 Ribbeck,
1086 3523 1221 3576 Friedrich
1240 3523 1261 3577 I.
1281 3540 1306 3577 u.
1327 3523 1368 3576 dre
1387 3528 1451 3578 rbru.

272 3593 354 3648 Kurie
372 3595 399 3647 iu
418 3594 443 3649 d.
462 3594 487 3648 J.
508 3599 647 3649 1157-le
666 3594 691 3649 S.
710 3598 814 3649 64-71
835 3612 860 3648 u.
878 3593 982 3648 Exhurs
1001 3599 1031 3659 7;
1051 3593 1170 3661 Nitnsch‚
1189 3592 1283 3648 Geseh.
1297 3594 1323 3646 d.
1336 3593 1405 3649 d.V‚
1415 3593 1452 3660 11,

274 3669 326 3718 263
344 3666 379 3728 f.;
398 3665 500 3731 Helela,
520 3665 745 3734 Konziliengesch.
763 3664 787 3716 V
806 3668 841 3723 (2.
860 3664 949 3733 Aua),
969 3669 1116 3720 alo-ola.

362 3736 387 3803 *)
411 3735 478 3789 Hier
495 3737 543 3789 wie
561 3735 588 3789 in
608 3736 658 3790 deu
675 3735 770 3790 beiden
787 3736 915 3789 ntchsten
938 3735 1079 3789 Sohreiben
1097 3735 1163 3788 wird
1188 3735 1362 3802 llbergangou‚
1391 3734 1453 3788 dass

273 3807 315 3858 hei
344 3806 391 3860 der
418 3805 475 3860 drei
502 3805 573 3874 Tage
602 3806 752 3860 dauerndeu
781 3807 908 3860 tractatio
936 3805 984 3860 das
1012 3805 1176 3859 Skrutinium
1205 3805 1316 3874 anleugs
1341 3810 1357 3859 3
1382 3805 1453 3859 Kan-

273 3876 382 3930 didaten
400 3877 489 3944 ergab,
518 3877 631 3944 Roland,
660 3876 792 3959 Oktarian
819 3894 845 3931 u.
872 3877 922 3930 den
949 3893 999 3930 von
1017 3876 1138 3958 Hadrian
1156 3876 1202 3930 IV.
1232 3875 1272 3929 als
1290 3875 1452 3944 Nachfolger

273 3946 1451 4098 ssscissurasiasdrubasslrchaldenstell·Krslcll

273 4091 361 4142 traten
381 4088 423 4142 dle
441 4088 550 4142 Wiihler
567 4088 719 4142 Bernhards
745 4090 856 4155 nurhch3
883 4089 926 4142 eiu
943 4087 1000 4141 Ten
1028 4089 1142 4142 erkldrte
1161 4088 1217 4141 sich
1236 4088 1383 4156 unbedrngt
1411 4088 1452 4140 llir

273 4159 425 4225 Bemhard,
459 4159 502 4212 eiu
530 4159 639 4213 auderar
667 4158 724 4212 Tell
750 4159 945 4228 glciehgcneigt
970 4175 1054 4226 gagen
1079 4158 1158 4227 jeden
1186 4157 1233 4212 der
1259 4158 1354 4212 beiden
1381 4157 1452 4211 Ken-

273 4229 390 4283 didaten.
426 4229 486 4298 Vgl.
507 4229 557 4282 den
575 4229 758 4283 Wshlbericht
777 4227 897 4284 Gerhohs
916 4229 962 4298 (d).

361 4301 402 4367 ”l
428 4300 505 4354 Nach
524 4299 629 4354 Gerhoh
646 4301 742 4368 betrug
760 4300 802 4354 dia
820 4300 886 4354 Zahl
911 4299 993 4366 derer,
1023 4299 1118 4352 welche
1143 4297 1210 4352 nach
1230 4299 1289 4353 dem
1315 4299 1451 4367 Arrigeben

273 4371 319 4424 des
338 4370 437 4424 dritten
456 4370 625 4424 Kandidaten
643 4370 699 4424 sich
718 4370 850 4424 entweder
866 4370 1014 4436 unhedingt
1032 4371 1074 4423 fiir
1086 4368 1217 4423 Oktavian
1236 4370 1367 4424 erhldrten
1386 4369 1449 4422 oder

273 4441 383 4510 bedingt
408 4443 451 4494 lllr
468 4440 601 4496 Oktavisn
618 4458 706 4494 waren
733 4443 770 4510 (d.
789 4442 816 4497 h.
843 4441 901 4496 sich
920 4442 1023 4495 neutro]
1042 4441 1204 4510 verhielten)‚
1233 4441 1361 4495 siebeu.
1398 4441 1452 4494 Der
