3617 5284
381 546 424 610 64

467 715 640 798 Postquam
673 715 824 797 gloriosus
857 715 940 780 filius
973 715 1088 789 vester,
1121 715 1227 778 noster
1260 713 1476 778 serenissimus
1509 711 1563 777 do·

378 803 494 880 minus,
516 801 703 885 Olouradus)
725 803 938 867 Romanorum
959 819 1013 865 rer
1035 819 1054 864 a
1073 798 1344 865 Iherosohmitana
1369 798 1560 883 expeditione

377 907 521 954 reversus
543 887 610 964 fuit,
633 887 765 952 dilectus
787 887 883 952 irater
903 890 1010 951 noster
1024 885 1215 969 H(einricus)
1230 885 1443 950 Herlcldensis
1466 885 1561 949 abbas

378 976 417 1040 ab
444 974 714 1039 administratione
735 974 900 1039 Fuldensis
932 972 1088 1048 abbatiae,
1119 992 1215 1054 quam
1237 975 1426 1055 susceperat,
1457 971 1559 1034 cessit

379 1061 491 1144 Itaque
507 1059 650 1125 dominus
665 1062 769 1124 noster
784 1079 838 1124 rex
851 1062 921 1124 tum
943 1078 997 1142 pro
1019 1058 1191 1123 innumeris
1205 1058 1426 1134 vexationibus,
1448 1056 1560 1139 quibus

379 1145 543 1210 Fuldensis
576 1146 725 1210 aecclesia
756 1149 823 1210 tam
855 1144 942 1210 intus
976 1163 1071 1227 quam
1103 1143 1177 1209 loris
1206 1144 1330 1209 cottidie
1364 1142 1561 1226 fatigabatur,

379 1235 449 1296 tum
478 1251 533 1315 pro
564 1232 700 1314 partium
728 1231 855 1308 studiis,
885 1251 966 1314 quae
994 1231 1033 1296 dc
1061 1228 1142 1294 facili
1165 1231 1304 1313 componi
1326 1249 1389 1295 non
1410 1230 1560 1313 poterant,

380 1318 521 1383 ordinare
553 1317 658 1400 ipsum
689 1319 914 1383 monasterium
944 1316 1080 1390 distulit;
1114 1318 1146 1380 et
1176 1315 1257 1380 sicut
1285 1316 1318 1380 iu
1345 1313 1560 1397 recolligendis

379 1403 634 1487 possessionibus,
657 1422 737 1485 quae
751 1403 925 1469 inordinate
940 1402 1065 1468 fuerant
1079 1401 1245 1486 dispersae,
1267 1405 1378 1486 potens
1401 1405 1433 1466 et
1454 1401 1560 1465 efficax

381 1508 448 1555 esse
476 1509 538 1554 non
568 1490 704 1571 poterat,
736 1489 781 1554 sic
808 1489 840 1552 in
870 1488 1014 1554 curandis
1041 1487 1218 1564 animatur,
1252 1507 1312 1570 que
1343 1487 1560 1552 aecclesiarum

382 1574 609 1659 preciosissima
630 1577 679 1640 est
700 1575 894 1652 substancia,
922 1573 1081 1656 invigilare
1110 1576 1142 1637 et
1165 1574 1324 1639 attendere
1346 1593 1409 1640 non
1430 1572 1563 1638 valebat.

383 1662 483 1744 Super
512 1679 576 1742 qua
603 1679 637 1725 re
668 1663 815 1726 anostra
835 1661 988 1744 parvitate
1011 1677 1083 1744 sepe
1105 1659 1312 1724 commonitus
1334 1663 1366 1724 et
1387 1660 1426 1725 ab
1448 1659 1562 1723 Ebero-

383 1746 467 1812 censi
493 1747 605 1811 abbate
633 1749 666 1810 et
693 1747 761 1812 ahie
783 1746 936 1828 religiosis
958 1747 1048 1822 viris,
1075 1745 1203 1810 tandem
1225 1747 1417 1828 suggestioni
1440 1745 1566 1827 adquie-

383 1851 488 1909 scens,
515 1832 601 1897 venit
621 1830 755 1896 Fuldam
776 1833 796 1898 3
818 1833 926 1898 Nonas
957 1831 1074 1897 mensis
1095 1831 1218 1928 Aprilis.
1263 1832 1322 1897 Cui
1346 1832 1448 1897 curiae
1469 1831 1565 1895 inter·

384 1918 512 1982 fuerunt
534 1918 726 1984 venerabiles
746 1918 803 1982 filii
825 1919 935 1996 vestri,
964 1918 1144 1982 Bremensrs
1167 1917 1430 2002 archiepiscopus,
1457 1916 1567 1981 Wirci·

384 2003 548 2086 burgensis
570 2006 603 2068 et
623 2003 895 2069 Helberstadeusis
918 2004 1062 2088 episcopi,
1094 2006 1125 2067 et
1154 2003 1207 2067 alii
1228 2003 1267 2068 dc
1288 2004 1438 2069 laicorum
1460 2003 1564 2068 ordine

385 2089 539 2173 principes
567 2092 600 2155 et
626 2090 745 2155 nobiles
773 2090 880 2164 multi;
912 2109 931 2154 a
958 2089 1071 2172 quibus
1097 2089 1179 2153 inter
1207 2091 1310 2154 cetera
1330 2091 1418 2172 regni
1439 2089 1566 2172 negocia

385 2175 548 2240 consilium
580 2175 727 2256 quesivit,
756 2175 890 2258 qualiter
911 2175 1065 2240 Fuldense
1093 2176 1318 2240 monasterium
1339 2176 1384 2240 sic
1405 2177 1471 2241 Dec
1493 2193 1567 2240 auo-

384 2265 452 2326 tcre
475 2261 644 2337 ordinaret,
673 2262 821 2344 quatinus
842 2261 973 2339 ibidem,
1001 2281 1075 2343 que
1097 2259 1168 2324 Dei
1191 2264 1285 2326 sunt
1305 2261 1384 2327 Deo
1407 2265 1569 2343 atquae

385 2347 540 2412 cesaris
570 2350 667 2411 suut
695 2347 824 2412 cesari
852 2347 1122 2412 redderentur.
1167 2345 1356 2412 Dubitatum
1378 2351 1426 2412 est
1448 2347 1510 2424 diu,
1531 2350 1569 2410 ut

384 2434 417 2498 in
431 2433 545 2497 talibus
563 2429 698 2514 negociis
721 2433 808 2511 solet,
829 2433 963 2498 maxime
978 2437 1103 2517 propter
1125 2434 1243 2499 multas
1264 2433 1296 2496 in
1319 2433 1403 2498 brevi
1426 2436 1564 2517 tempore

387 2519 535 2585 abbatum
564 2519 756 2585 mutationes
786 2520 818 2583 'ct
845 2521 972 2603 propter
1000 2518 1138 2669 partium
1168 2519 1273 2583 studia
1300 2522 1332 2583 et
1353 2518 1567 2596 dissensiones,

386 2623 447 2686 que
476 2604 509 2668 in
538 2603 647 2701 eodem
668 2605 856 2670 monasterio
879 2605 981 2670 adhuc
1015 2623 1119 2670 ervere
1139 2605 1354 2704 noscebantur.
1400 2605 1565 2704 Suspensis

386 2691 640 2859 terrente
662 2690 1477 2873 attrectetur.blatteus,
1492 2709 1565 2858 ra

386 2881 454 2927 rem
468 2861 621 2927 modicam
635 2862 783 2945 religione
796 2863 1043 2946 possessionibus
1059 2866 1090 2929 et
1112 2861 1237 2928 edificiis
1258 2861 1401 2926 nobiliter
1423 2863 1567 2938 auxisset,

388 2947 426 3011 de
455 2949 543 3013 cuius
569 2947 684 3031 pietate
714 2951 745 3013 et
765 2948 826 3014 lide
848 2951 942 3031 atque
964 2949 1139 3014 constancia
1159 2965 1359 3030 nequaquam
1381 2948 1566 3025 dubitarent,

388 3033 466 3116 quin
479 3033 627 3098 Fuldensi
648 3035 812 3100 aecclesiae
835 3038 868 3108 et
887 3053 1012 3118 preesse
1034 3038 1065 3100 et
1086 3034 1231 3119 prodesse
1252 3036 1372 3117 posset;
1396 3035 1432 3097 in
1453 3033 1566 3098 cuius

387 3137 582 3203 personae
604 3121 800 3186 electione
823 3121 853 3185 si
874 3121 1044 3186 omnium
1065 3124 1156 3186 vcta
1177 3119 1480 3198 concordarent,
1502 3119 1565 3184 fore

388 3292 480 3360 Eugen
498 3289 548 3346 111.
569 3307 658 3359 wagan
678 3289 826 3344 schloehter
842 3289 1037 3374 Amtaflihpung
1056 3291 1192 3374 abgasetpt
1209 3290 1338 3374 worden..
1351 3291 1405 3345 Iler
1422 3289 1506 3360 Papst
1523 3291 1566 3344 ba-

387 3359 1566 3513 :ttritltdttttttttttlttttttt‘ttltttttttttlt
1613 3425 1616 3430 ·

389 3503 523 3568 Klostars,
546 3517 654 3555 nameus
677 3501 814 3570 Reganus.
849 3502 955 3556 Dicsem
980 3507 1101 3572 versagte
1125 3502 1217 3571 Eugcu
1235 3501 1284 3558 III.
1311 3502 1393 3557 durch
1417 3501 1459 3556 ein
1484 3501 1567 3555 Breve

388 3591 448 3628 vom
467 3577 493 3628 8.
511 3571 588 3643 April
608 3577 677 3629 1148
696 3571 738 3626 die
755 3571 951 3642 Anerlrennung
968 3591 993 3629 ιι.
1011 3574 1163 3628 bestimmte
1181 3572 1314 3641 zugleich‚
1341 3572 1402 3627 dass
1420 3573 1478 3626 eine
1496 3571 1566 3626 Neu-

388 3643 459 3698 wahl
481 3647 559 3697 uuter
576 3642 702 3697 Aufeicht
725 3641 773 3696 der
790 3643 1039 3698 Benedilrtinsrtbte
1056 3643 1184 3698 Heinrich
1202 3659 1251 3696 uon
1269 3642 1392 3698 Hersfeld
1411 3661 1440 3699 ιι.
1458 3641 1565 3697 Wibald

389 3732 439 3770 von
456 3714 552 3769 Korvei
569 3730 596 3768 u.
615 3713 662 3767 der
680 3713 1119 3769 cistercienserltbtehdam
1139 3732 1187 3768 von
1206 3714 1311 3768 Ebrach
1329 3732 1355 3770 u.
1373 3713 1497 3768 liuthard
1516 3729 1564 3767 von

387 3785 524 3840 biberbach
549 3783 738 3838 stattrufindeu
764 3783 841 3840 habe.
877 3783 918 3838 Im
936 3784 1083 3838 November
1103 3789 1170 3841 1148
1188 3802 1242 3838 nun
1260 3785 1374 3840 wthlten
1394 3785 1437 3840 dia
1454 3783 1564 3838 Mbnche

387 3856 462 3910 einen
489 3855 715 3924 ehemaligen
740 3854 940 3909 Konventualen
963 3853 1034 3910 ihrer
1056 3854 1189 3922 chsters,
1215 3855 1264 3909 den
1290 3854 1347 3910 Abt
1363 3855 1490 3910 Heinrich
1515 3871 1564 3909 von

389 3925 524 3991 Hersleld;
544 3925 624 3980 ulleiu
635 3925 678 3980 bei
691 3924 750 3980 dem
762 3924 904 3980 Wuhlakte
917 3942 971 3979 war
989 3941 1064 3980 auser
1083 3925 1181 3980 diesem
1195 3925 1264 3979 Abte
1282 3926 1372 3980 heincr
1391 3925 1437 3980 der
1455 3925 1565 3994 librigen

388 3997 554 4067 pdpstlichen
572 3995 822 4050 Wahlhommisslre
838 4012 963 4064 rugegen,
981 3996 1097 4050 vaahalh
1116 3995 1156 4050 Eu
1175 4013 1207 4050 eu
1226 3996 1276 4052 III.
1296 3997 1364 4050 anch
1382 3997 1467 4051 dieser
1484 3995 1565 4050 Wahl

389 4069 460 4122 scine
485 4065 680 4136 Aumleuuung
702 4069 829 4136 versogta.
872 4065 936 4120 Erat
960 4066 1066 4140 Konrad
1085 4066 1135 4122 111.
1157 4015 1210 4120 {at
1232 4065 1300 4121 nach
1323 4067 1408 4122 seiuer
1426 4065 1567 4121 Rachlehr

390 4156 448 4192 vom
471 4137 623 4206 Kraurruga
647 4138 683 4191 im
707 4136 783 4206 April
809 4141 876 4194 1150
900 4136 951 4191 deu
975 4136 1089 4192 hhrldaer
1106 4137 1265 4191 Wahlstrcit
1287 4137 1457 4193 enteehieden
1482 4137 1563 4192 durch

389 4209 554 4278 Auordnung
570 4208 642 4262 einer
659 4207 796 4274 Neuvvuhl,
816 4208 859 4262 die
877 4224 905 4262 er
924 4207 970 4262 aul
984 4207 1041 4262 Abt
1058 4207 1087 4262 Μ
1135 4209 1203 4262 uard
1221 4225 1270 4272 von
1288 4207 1443 4276 Deggingcn
1462 4209 1567 4266 lenkte:

389 4280 438 4332 dara
462 4278 606 4333 Veriehren
633 4278 705 4333 lernt
729 4295 791 4332 man
817 4295 865 4333 aas
891 4278 951 4332 dem
975 4277 1099 4334 Berichta
1146 4279 1178 4333 bt
1201 4278 1323 4333 Wihalds
1352 4295 1386 4334 au
1409 4279 1458 4333 den
1484 4279 1567 4350 Paput

389 4349 498 4404 hennon.
527 4350 583 4403 Aht
600 4348 745 4420 htarqusrd
762 4349 800 4403 ist
817 4349 888 4404 daun
908 4349 976 4402 auch
993 4366 1052 4404 vom
1071 4348 1111 4403 Pa
1142 4353 1169 4403 te
1188 4348 1350 4404 lronfirmiert
1367 4349 1479 4405 worden.
1505 4348 1566 4414 Vgl.

388 4421 453 4474 liber
478 4419 529 4473 deu
547 4419 662 4474 Fuldaer
678 4418 838 4473 Wahlstroit
854 4419 940 4473 Witte
965 4437 988 4474 a.
1008 4437 1031 4476 a.
1051 4419 1082 4475 0.
1122 4424 1268 4484 ‚eb-na,
1295 4424 1412 4482 dil—71:
1439 4420 1566 4473 Wolfram

388 4506 411 4545 a.
423 4506 447 4546 ιι
460 4488 490 4544 0.
510 4491 536 4544 s.
550 4494 583 4544 ιι
602 4489 648 4556 c.;
667 4489 815 4544 &mundi
834 4505 858 4545 a
877 4505 900 4544 a
916 4488 946 4545 ο.
966 4489 992 4545 s,
1006 4495 1067 4558 eor,
1087 4495 1238 4558 vce-vor,
1256 4494 1326 4546 ιιι-
1346 4495 1407 4559 vae,
1426 4495 1487 4556 sce,
1505 4495 1566 4545 soe.
