3617 5284
1390 490 1430 551 21

254 653 368 716 sariam
390 655 554 718 veritatem
577 673 723 718 vooamns
753 657 785 718 et
813 655 917 718 luoem
938 693 979 700 —
1003 675 1063 718 uon
1086 658 1188 720 solum
1211 677 1229 721 a
1255 661 1287 721 te
1315 658 1364 721 vel
1394 659 1433 722 ab

252 739 308 814 his,
332 739 385 819 qui
407 740 438 802 in
460 759 555 820 regno
578 744 633 803 tuo
656 742 738 815 sunt,
762 740 815 804 sed
839 741 877 802 ab
900 742 1043 804 omnibus
1065 745 1220 807 terrarum
1242 743 1432 826 principibus

253 829 283 886 et
305 825 434 907 populis,
458 825 509 906 qui
534 825 695 889 Christum
718 826 904 889 confitentur
926 831 958 890 et
980 828 1093 899 colunt,
1127 828 1236 892 devoto
1263 829 1432 910 suseipien-

253 909 324 972 darn
359 914 390 973 et
419 910 644 974 observandam
677 911 937 984 adiudieavimus;
978 932 1170 994 quamquam
1203 915 1262 978 hoo
1294 916 1431 977 multum

253 995 464 1060 desideremus
493 999 523 1060 et
549 1000 580 1060 te
603 997 791 1080 permaxime
819 996 949 1073 deceret,
984 1001 1027 1072 ut,
1061 999 1142 1062 siout
1175 999 1303 1063 caeteris
1334 1000 1431 1080 gloria

253 1083 367 1230 honppe
397 1083 573 1164 virtuteque
605 1083 769 1164 potentior,
805 1083 851 1146 ita
883 1103 967 1147 esses
1002 1087 1033 1146 et
1064 1085 1097 1147 in
1120 1084 1235 1148 Christi
1270 1086 1431 1149 devotione

252 1169 314 1232 sub
329 1168 424 1232 'urion

337 1273 493 1348 Attamen,
515 1291 555 1336 ne
576 1273 654 1335 haee
676 1269 920 1352 supramodum
942 1271 999 1334 tibi
1015 1273 1121 1353 gravia
1144 1276 1199 1336 aut
1217 1273 1325 1354 iniqua
1348 1275 1431 1338 vide-

252 1359 367 1432 rentur,
401 1377 456 1440 per
485 1361 555 1422 tuos
589 1357 694 1420 fideles
724 1355 780 1419 tibi
813 1356 1046 1420 mandavimus:
1084 1379 1124 1422 ne
1157 1379 1270 1440 pravae
1303 1380 1432 1424 eonsue-

252 1441 369 1506 tudinis
391 1444 523 1507 mutatio
546 1446 577 1508 te
601 1445 825 1514 summoveret;
859 1443 1000 1506 mitteres
1024 1445 1063 1507 ad
1084 1465 1150 1520 nos,
1173 1464 1250 1526 quos
1273 1445 1429 1528 sapientes

255 1534 286 1592 et
307 1528 465 1609 religiosos
488 1529 520 1592 in
540 1549 635 1614 regno
658 1531 712 1591 tuo
734 1528 871 1591 invenire
894 1548 1016 1611 posses3
1052 1531 1104 1611 qui
1129 1531 1154 1592 si
1184 1531 1289 1611 aliqua
1310 1532 1430 1595 ratione

252 1615 462 1678 demonstrare
489 1616 537 1678 vel
568 1613 729 1678 adstruere
751 1618 885 1696 possent
920 1614 952 1677 in
975 1635 1043 1695 quo,
1078 1618 1162 1679 salvo
1197 1618 1313 1681 aeterni
1336 1618 1431 1697 Regis

253 1701 367 1764 honore
391 1704 423 1763 et
438 1701 503 1764 sine
518 1701 653 1782 periculo
670 1699 845 1763 animarum
860 1705 1047 1776 nostrarum,
1063 1703 1293 1785 promulgatam
1309 1697 1431 1766 saneto-

252 1806 322 1849 rum
345 1789 471 1868 patrum
485 1789 647 1868 possemus
670 1789 844 1867 temperare
867 1787 1063 1862 sententiam,
1087 1807 1194 1851 eorum
1209 1788 1344 1852 consiliis
1359 1809 1432 1852 con-

254 1872 517 1936 deseenderemus
582 1870 673 1950 Quod
707 1870 833 1952 quidem
868 1873 926 1934 etsi
960 1891 979 1934 a
1009 1873 1098 1936 nobis
1130 1875 1196 1936 tam
1229 1874 1432 1937 amicabiliter

253 1958 388 2021 monitus
411 1977 472 2022 non
495 1957 614 2034 bessos,
639 1975 775 2038 aequum
797 1960 902 2020 tamen
925 1957 1042 2021 fuerat:
1079 1961 1115 2022 ut
1136 1960 1231 2042 prius,
1260 1961 1291 2022 in
1316 1980 1377 2040 qno
1400 1963 1431 2024 to

253 2061 452 2124 gravaremus
475 2046 530 2106 aut
551 2043 614 2106 tuis
630 2043 797 2106 honoribus
814 2044 1017 2118 obstaremus
1039 2044 1297 2128 rationabilitate
1315 2046 1429 2108 nobis⁸l

254 2129 398 2210 exigeres
432 2148 526 2210 quam
558 2127 725 2211 apostoliea
753 2127 877 2192 deereta
898 2128 1037 2192 violares.
1081 2126 1208 2205 Verum,
1243 2132 1352 2212 quanti
1376 2133 1431 2194 ard

253 2218 359 2278 nostra
380 2215 499 2279 monita
521 2216 576 2278 aut
594 2215 822 2278 observantiam
837 2214 975 2278 iustitiae
998 2214 1107 2278 seueris
1122 2216 1154 2279 in
1169 2217 1227 2292 his,
1251 2235 1331 2298 quae
1346 2221 1431 2299 post

253 2302 380 2365 modum
403 2319 421 2364 a
443 2304 473 2364 te
497 2302 586 2382 gesta
608 2303 639 2364 et
661 2299 810 2382 disposita
833 2303 916 2375 sunt
939 2300 1121 2364 declaratur.

340 2415 401 2480 Sed
425 2415 507 2497 quia,
530 2415 605 2478 dum
628 2414 730 2477 adhue
750 2414 844 2494 longa
866 2414 925 2478 Dei
947 2415 1097 2497 patientia
1120 2415 1158 2478 ad
1182 2415 1429 2479 emendationem

254 2505 284 2565 te
306 2501 427 2576 invitat,
461 2503 617 2565 oresoente
650 2499 856 2580 intelhgentia
877 2503 941 2575 tua,
975 2501 1013 2563 ad
1042 2500 1269 2564 oboedientiam
1301 2502 1431 2565 manda·

254 2591 355 2652 torum
379 2587 437 2650 Dei
460 2606 511 2650 eor
534 2590 565 2650 et
589 2585 728 2649 mimum
751 2589 842 2649 tuum
864 2585 948 2649 flecti
976 2606 1066 2668 posse
1089 2606 1266 2669 speramus;
1300 2592 1430 2669 patema

255 2676 285 2737 te
308 2673 436 2737 oaritate
454 2691 634 2736 monemus:
658 2674 702 2746 ut,
726 2671 842 2736 Christi
856 2691 950 2754 super
966 2675 996 2736 te
1018 2673 1184 2755 imperium
1200 2692 1430 2753 recognoseens,

255 2760 403 2823 honorem
429 2761 521 2821 tuum
555 2758 621 2821 eius
654 2757 761 2822 honori
795 2777 991 2840 praeponere,
1026 2779 1121 2839 quam
1153 2759 1194 2822 sit
1223 2759 1430 2841 periculosum

255 2845 385 2926 eogites;
409 2847 441 2908 et
463 2845 639 2907 libertatem
663 2843 817 2920 eeclesiae,
845 2863 941 2925 quarn
964 2863 1110 2926 sponsam
1133 2845 1190 2908 sibi
1214 2845 1338 2909 eoelesti
1361 2865 1432 2908 eou-

254 2931 347 2995 sortio
370 2931 499 3012 iungere
522 2929 668 3011 dignatus
691 2931 746 3004 est
779 2949 841 2993 non
863 2929 927 2993 iam
955 2934 1012 2992 tua
1043 2931 1243 3012 oooupatione
1265 2930 1432 3013 impedias;

254 3017 316 3092 sed,
350 3035 411 3098 quo
433 3015 567 3080 maxime
601 3019 731 3090 pressat,
766 3015 831 3078 Deo
859 3015 1066 3098 omnipotenti
1100 3019 1132 3078 et
1166 3017 1254 3079 beato
1276 3017 1378 3092 Petro,
1416 3035 1435 3078 a

255 3101 368 3185 quibus
393 3104 425 3164 et
447 3105 503 3165 tua
524 3105 682 3164 mereatur
704 3101 884 3183 amplificari
909 3103 1013 3183 gloria,
1041 3102 1190 3164 auxilium
1213 3105 1286 3165 tuae
1308 3101 1431 3165 virtutis

254 3188 335 3252 fideli
359 3187 520 3251 devotione
543 3187 685 3251 exhibere
707 3186 844 3269 incipias.
881 3187 971 3266 Quod
993 3187 1142 3250 nimirum
1163 3207 1218 3269 pro
1241 3188 1353 3250 oollata
1376 3187 1431 3250 tibi

256 3294 292 3338 er
315 3273 456 3338 hostibus
478 3273 542 3336 tuis
565 3273 693 3337 viatoria
714 3292 799 3336 nune
820 3291 839 3335 a
861 3275 891 3336 te
907 3273 1097 3356 permaxime
1119 3273 1180 3336 illis
1204 3273 1343 3336 debitum
1361 3272 1433 3343 fore,

254 3378 436 3441 eognosoere
459 3358 567 3432 debes,
594 3361 639 3434 ut,
663 3358 737 3422 dum
760 3361 791 3422 te
812 3359 1005 3423 memorabih
1027 3359 1231 3441 prosperitate
1257 3359 1435 3434 laetificant,

254 3465 290 3508 er
319 3445 472 3509 ooueessis
494 3444 649 3508 benefieiis
675 3444 864 3508 devotiorem
886 3444 1020 3508 videant.
1056 3448 1160 3526 Atque
1188 3445 1248 3508 hoe
1277 3447 1313 3508 ut
1342 3444 1435 3507 timor

254 3531 320 3607 Dei,
342 3531 374 3594 in
399 3530 486 3594 ouius
509 3549 605 3594 manu
629 3535 660 3593 et
682 3532 836 3612 potestate
859 3550 950 3595 omne
972 3550 1105 3612 regnum
1128 3534 1176 3593 est
1205 3534 1237 3593 et
1258 3530 1433 3612 imperium,

253 3615 439 3700 praeeordiis
462 3616 525 3680 tuis
554 3616 647 3679 altius
668 3635 764 3697 quam
784 3618 892 3681 nostra
915 3617 1083 3680 admonitio
1111 3617 1235 3696 infigat,
1268 3616 1299 3678 in
1329 3619 1433 3678 mente

254 3703 385 3767 habeas:
411 3702 484 3783 quid
509 3701 603 3776 Sauh,
625 3705 696 3784 post
715 3702 859 3784 adeptam
875 3703 1043 3777 viatorium,
1067 3721 1129 3783 qua
1143 3702 1295 3785 propheta
1309 3701 1434 3764 iubente

253 3808 329 3852 usus
352 3791 407 3864 est,
430 3787 468 3851 de
491 3807 547 3852 suo
571 3787 727 3870 triumpho
750 3787 892 3869 glorianti
917 3791 949 3851 et
970 3788 1109 3851 eiusdem
1131 3788 1300 3870 prophetae
1315 3787 1434 3850 monita

253 3895 315 3938 non
339 3873 511 3956 assequenti,
544 3873 687 3937 aoeiderit
721 3877 752 3936 et
786 3874 919 3954 quahter
953 3893 972 3936 a
1004 3873 1136 3937 Domino
1164 3874 1349 3954 reprobatus
1377 3872 1433 3939 sit:

254 3963 372 4042 quanta
393 3979 465 4024 vero
489 3960 589 4041 gratia
610 3958 709 4023 David
733 3979 837 4040 regern
857 3980 893 4024 ex
911 3959 1022 4023 merito
1040 3959 1226 4022 humilitatis
1241 3959 1323 4022 inter
1339 3957 1435 4020 virtu-

254 4050 321 4110 tum
343 4046 477 4126 insignia
499 4047 665 4110 subsecuta
687 4045 753 4108 fuit.

340 4161 482 4242 Denique
504 4179 597 4244 super
619 4161 681 4237 his,
715 4179 794 4241 quae
827 4161 858 4222 in
892 4159 1030 4242 epistolis
1064 4159 1126 4222 tuis
1161 4159 1227 4221 visa
1255 4177 1291 4221 ao
1313 4158 1437 4237 eognita

255 4247 435 4322 retieemus,
462 4265 524 4310 non
555 4249 647 4311 antea
678 4247 733 4310 tibi
764 4248 848 4310 eorta
877 4264 1026 4328 responsa
1048 4245 1200 4320 dabimus,
1223 4243 1320 4306 donee
1341 4242 1434 4323 legat'

345 4439 371 4508 a)
389 4397 607 4492 Jahevermuut
623 4435 681 4488 hier
700 4434 748 4486 don
768 4433 871 4486 Aussall
891 4451 939 4487 von
958 4431 1099 4486 iustitiam.
