3617 5284
362 503 425 565 154

360 675 458 798 &tant
475 672 587 726 Romam
605 670 708 724 venire!
746 670 828 723 Item:
858 667 955 735 ,Etiam
974 669 1230 724 concardinalibus
1257 669 1298 723 ita
1316 669 1441 741 disposui,
1470 671 1540 740 quod

361 811 408 868 aas
423 743 968 893 Emonfflpfflffisaffi
980 739 1541 894 {Kidrssi'iffiuiriuipiiffiainliiuaiff

360 884 430 954 quod
447 884 560 937 libentet
577 883 675 937 rediret
693 881 729 934 ad
746 882 868 935 domnum
881 880 1023 950 Victorem,
1041 881 1088 936 sed
1106 881 1146 935 ita
1163 881 1329 936 adinrahone
1347 883 1472 937 astrictus
1489 887 1539 951 est,
1572 905 1575 911 ·

361 953 431 1025 quod
450 955 506 1008 sine
524 953 638 1024 periurio
656 969 708 1006 non
727 954 822 1023 potest.

448 1024 472 1078 E
490 1023 570 1078 istola
586 1023 696 1078 Concilii
708 1023 806 1077 minor:
825 1022 962 1077 Rolandus
980 1023 1152 1077 cancellarius
1169 1025 1197 1077 at
1215 1023 1272 1077 aius
1290 1039 1414 1094 seqnm
1432 1023 1540 1094 quidam

360 1097 431 1149 car'
479 1111 522 1162 es,
540 1094 643 1148 meante
666 1093 754 1147 adhuc
776 1111 846 1164 papa
871 1093 1004 1160 Adriano,
1023 1093 1231 1148 coniuraverunt
1267 1092 1330 1147 Euit
1353 1097 1442 1148 autam
1466 1096 1542 1149 tenor

360 1165 557 1232 coniurationis,
584 1164 663 1235 quod,
690 1164 713 1217 si
740 1163 778 1218 eis
805 1165 953 1219 viventibus
981 1181 1076 1236 papam
1103 1164 1249 1218 Adrianum
1276 1165 1342 1218 mori
1369 1165 1541 1232 contingerat,

360 1237 520 1291 cardinalem
539 1252 620 1289 linum
638 1235 671 1288 de
683 1234 737 1288 illis
755 1234 890 1302 eligerent,
910 1235 954 1306 qui
973 1236 1001 1290 in
1013 1235 1103 1288 eadem
1123 1235 1301 1289 coniuratione
1318 1239 1389 1289 esset
1407 1235 1540 1290 astrictus.

448 1306 569 1377 Epistola
587 1305 696 1360 Concilii
720 1306 815 1360 maior:
846 1306 987 1360 Praeterea
1005 1306 1223 1372 ominationem,
1249 1306 1318 1359 inter
1342 1305 1412 1359 hunc
1435 1309 1463 1358 et
1481 1322 1541 1360 suos

360 1395 485 1448 sequaces
501 1376 649 1431 cardinales
666 1393 725 1430 cum
745 1377 985 1431 Mediolanensibus
1003 1380 1031 1430 et
1043 1375 1131 1430 Siculo
1148 1375 1336 1430 nefandissimo
1354 1379 1540 1457 perpetratam,

360 1450 388 1502 et
404 1464 451 1519 per
467 1449 539 1518 ipsos
556 1446 734 1501 eoninratoree
752 1450 780 1500 et
797 1464 843 1517 per
861 1447 966 1501 litteras
984 1447 1108 1501 Rollandi
1121 1446 1362 1501 Mediolanensibus
1381 1447 1495 1500 wactas
1513 1451 1541 1501 et

360 1518 421 1572 aliis
438 1518 661 1572 manifestissimis
683 1517 846 1586 argumentis
865 1517 1083 1588 deprehendimus
1102 1521 1130 1570 et
1148 1518 1323 1585 eognovimus.
1354 1516 1435 1572 Cuius
1454 1517 1542 1572 coniu-

360 1589 471 1642 rationis
496 1592 572 1642 tenor
589 1591 617 1642 et
634 1589 797 1642 confluentia
814 1588 877 1642 talis
894 1592 970 1643 erat:
999 1591 1030 1642 ut
1047 1605 1190 1658 numquam
1214 1588 1281 1642 alter
1299 1588 1355 1642 sine
1380 1587 1463 1642 altaro
1481 1605 1540 1642 cum

360 1660 479 1714 Romano
497 1659 606 1730 imperio
624 1676 714 1729 paoem
732 1662 847 1726 teneret,
867 1663 895 1713 et
914 1659 935 1712 si
956 1659 1061 1713 interim
1080 1675 1175 1728 papam
1192 1657 1340 1712 Adriannm
1358 1658 1423 1712 mori
1442 1659 1542 1712 contin·

361 1734 443 1799 geret,
461 1747 544 1783 unum
556 1730 589 1783 de
601 1729 655 1782 illis
667 1729 854 1795 cardinalibus,
873 1733 901 1783 st
913 1747 964 1783 non
977 1730 1066 1794 alium,
1085 1729 1112 1782 in
1143 1745 1220 1800 apam
1232 1729 1368 1797 eligerent,
1387 1729 1432 1799 qui
1450 1729 1541 1784 mdem

360 1801 540 1854 maturatione
557 1803 698 1854 teneretur.
728 1799 800 1868 (Vgl.
819 1800 887 1854 such
907 1801 949 1854 die
961 1800 1042 1854 Stella
1060 1799 1096 1854 im
1131 1803 1249 1853 rectatus
1268 1799 1300 1854 do
1318 1800 1423 1854 schism.
1443 1799 1469 1856 S.
1489 1801 1541 1866 -l)

449 1871 591 1925 Schreiban
615 1871 661 1925 des
678 1870 786 1924 Kaisesa
813 1887 848 1924 an
865 1869 1002 1924 Eberhard
1021 1889 1044 1925 v.
1063 1870 1192 1938 Salaburg
1221 1870 1285 1924 liber
1303 1871 1346 1925 dic
1363 1871 1475 1924 Paseaar
1493 1871 1541 1925 Ba-

360 1942 494 1996 sehllisse:
521 1941 591 1996 Ince
608 1941 705 1995 clarius
729 1944 842 2008 constat,
861 1941 932 2011 quod
949 1957 1019 2012 papa
1036 1941 1153 1995 Adriano
1172 1940 1260 1995 adhuc
1286 1941 1388 1996 meante
1405 1941 1541 1996 Rolandus

361 2012 533 2066 macellarius
559 2015 588 2066 at
614 2011 721 2082 qondam
740 2011 966 2067 cardinales...
995 2011 1187 2082 conspiratione
1214 2011 1285 2065 facta
1313 2029 1372 2066 oum
1396 2011 1537 2066 Wilhelmo

361 2083 456 2149 Siculo,
475 2082 548 2153 prius
566 2083 600 2135 ab
618 2081 656 2135 eis
674 2082 903 2149 excommunicato,
922 2085 950 2136 et
967 2099 1026 2136 earm
1045 2082 1155 2136 nectens
1173 2082 1295 2136 hostibus
1314 2083 1425 2153 imperii,
1443 2081 1542 2136 Medio-

361 2154 521 2218 lunensibus,
538 2152 728 2219 Brixiensibus,
746 2153 916 2220 Placentinis,
935 2170 967 2206 ne
985 2154 1051 2207 forte
1070 2169 1116 2223 per
1134 2156 1244 2206 mortam
1263 2170 1346 2224 papae
1355 2152 1466 2207 Admani
1485 2156 1541 2207 mm

360 2224 452 2294 iniqua
468 2225 549 2279 laeuo
567 2227 739 2289 evwesoaret,
766 2223 907 2278 iuramenti
926 2224 1028 2277 vinculo
1046 2223 1157 2277 invicem
1176 2241 1232 2278 seso
1251 2223 1471 2289 constrinxerunt,
1500 2227 1540 2290 ut,

360 2295 483 2350 dehnoto
500 2311 577 2366 papa,
595 2295 684 2349 nullus
703 2294 771 2348 alias
788 2295 813 2348 ei
830 2294 1046 2358 substitueretur,
1065 2295 1117 2348 nisi
1135 2295 1180 2364 qui
1199 2295 1227 2347 in
1245 2295 1335 2348 cadem
1349 2295 1542 2365 oopspiratione

360 2383 420 2420 cum
436 2365 476 2420 ais
493 2365 671 2420 convenisset‘
708 2365 763 2419 Der
778 2364 873 2419 Kaisar
898 2365 985 2418 berult
1002 2365 1059 2418 sich
1078 2365 1205 2419 crintcbst
1230 2366 1277 2418 aul
1301 2365 1358 2418 aine
1377 2365 1539 2432 Alasserung,

361 2436 458 2490 welche
475 2437 518 2490 dia
536 2436 683 2490 Mailtndar
708 2436 857 2504 gegenlsbar
875 2435 926 2490 den
945 2436 1072 2489 awischcn
1090 2435 1169 2489 ihnan
1197 2436 1251 2490 und
1271 2435 1329 2489 dem
1349 2435 1444 2489 Kaisar
1458 2436 1541 2504 intar-

363 2507 534 2561 venierenden
552 2507 768 2572 cisterciensem,
787 2506 847 2564 dem
865 2506 1128 2576 Ennianistam
1146 2525 1169 2561 v.
1187 2506 1351 2572 Tarantaise,
1381 2507 1430 2560 dan
1453 2493 1540 2560 lacn

361 2597 384 2632 v.
403 2577 543 2633 (llairraux
560 2595 585 2632 u.
605 2576 752 2632 Morimond
769 2593 795 2632 u.
814 2577 880 2631 rahn
897 2577 1010 2630 anderen
1035 2577 1123 2630 Abten
1148 2577 1272 2644 gemacht
1299 2579 1408 2630 hatten:
1438 2575 1541 2644 ,Domni

360 2654 458 2719 patres,
475 2665 523 2703 nos
541 2653 660 2703 tenemur
677 2647 780 2702 astricti
799 2648 946 2702 insument)
973 2647 1067 2700 domno
1094 2663 1178 2718 papae
1204 2651 1231 2702 ot
1257 2647 1443 2712 cardinalibus,
1471 2647 1540 2717 qnod

360 2737 411 2774 oon
430 2719 572 2773 debeamus
589 2719 674 2773 redire
701 2717 736 2772 ad
762 2719 878 2786 gratiam
896 2717 1063 2788 imperatoris
1089 2717 1146 2770 sine
1172 2735 1260 2772 eorum
1278 2718 1422 2782 voluntate,
1443 2717 1540 2788 stipsi

359 2792 467 2844 ababa
493 2791 550 2844 sine
568 2794 659 2844 nostra
676 2789 811 2843 voluntate
828 2789 929 2843 nullam
956 2805 1045 2860 paoem
1073 2787 1156 2842 iacere
1174 2792 1301 2858 munt*
1338 2789 1542 2858 Respondeant

359 2861 398 2915 eis
416 2861 540 2914 abbates:
569 2861 630 2928 ,Vos
648 2860 681 2914 da
698 2863 801 2913 caeam
818 2877 870 2913 non
888 2859 1013 2913 tenemini
1038 2859 1131 2912 domno
1150 2875 1241 2930 papae,
1260 2859 1323 2929 qnia
1340 2863 1459 2912 mortuus
1478 2863 1535 2912 est‘

360 2931 397 2985 Et
412 2931 454 2984 illi
471 2931 563 2985 statim
582 2931 786 2984 subiunxerunt:
815 2931 853 2997 ,Si
870 2933 991 2984 morbiue
1008 2933 1050 2983 est
1068 2946 1144 2999 papa,
1172 2947 1220 2984 nos
1239 2930 1297 2984 ideo
1315 2947 1368 2984 non
1386 2945 1476 2983 sumus
1495 2930 1539 2983 ab·

360 3001 448 3067 soluti,
466 3001 530 3083 quia
546 3000 732 3055 nichilominus
750 3003 869 3055 tenemur
886 2999 1073 3066 cardinalibus,
1091 3003 1119 3054 et
1137 3001 1188 3070 ipsi
1209 3003 1333 3055 tenantur
1350 3001 1441 3056 nebia*
1467 2998 1541 3054 Haec

359 3072 488 3142 praedicti
505 3074 595 3143 patres
613 3073 723 3125 abbates
741 3072 769 3125 in
787 3071 919 3153 responsis
942 3088 958 3125 a
975 3071 1215 3125 Mediolanensibus
1244 3071 1374 3144 accepisse
1403 3070 1539 3125 testificati

360 3145 423 3197 sunt
440 3159 527 3196 coram
545 3143 637 3196 multis
654 3142 795 3210 relligiosis
819 3142 890 3196 rrrie.
927 3142 1019 3196 Prata
1046 3141 1111 3195 haec
1138 3143 1224 3196 multa
1251 3143 1428 3224 experimenta
1454 3143 1539 3196 iactae

359 3213 561 3296 (conspirationis
588 3230 634 3282 por
651 3213 757 3266 litteras
783 3213 811 3266 in
829 3213 872 3266 via
890 3213 1064 3283 deprehensas
1084 3213 1240 3334 accepimus,
1269 3215 1339 3266 sicut
1357 3213 1468 3266 nuncius
1486 3215 1537 3266 ista

359 3284 462 3354 plenius
480 3283 548 3337 vidit
570 3288 599 3338 et
616 3283 726 3338 audivit
763 3283 834 3353 (Vgl.
853 3282 920 3336 auch
949 3281 1082 3338 Gotthr'esl
1101 3302 1124 3338 v.
1169 3284 1262 3350 iterbo,
1293 3283 1376 3337 Gesta
1393 3281 1537 3348 Friderici;

360 3355 475 3408 hundos
493 3353 666 3419 Coloniensos,
686 3353 801 3407 Annales
819 3355 845 3409 S.
864 3354 995 3422 Disihodi,
1013 3353 1129 3408 Annales
1148 3353 1303 3420 Stadenses3
1326 3353 1456 3421 Siegbort,
1475 3352 1540 3407 Con-

360 3425 475 3479 tinuatio
494 3425 670 3507 aquicinctl)

447 3495 588 3549 Schresben
616 3495 767 3549 Eberhards
794 3513 817 3550 r.
836 3495 969 3562 Bamberg
996 3511 1029 3548 an
1048 3493 1183 3548 Eberhard
1204 3512 1226 3550 v.
1245 3492 1374 3562 Salabnrg
1402 3494 1467 3548 liber
1497 3494 1539 3547 die

358 3567 471 3620 Paveser
488 3566 604 3634 Synode:
632 3566 768 3620 Pravaluit
785 3566 892 3620 andem
915 3583 977 3636 pars
995 3565 1083 3618 domni
1101 3565 1216 3618 Victoris
1239 3563 1385 3618 iustificata
1403 3565 1436 3619 ab
1455 3565 1540 3618 altera

359 3640 435 3707 parte
452 3637 545 3691 multis
560 3637 661 3691 modis:
680 3637 744 3720 quia
752 3636 898 3691 coniuratio
917 3639 1009 3690 contm
1026 3636 1063 3689 im
1097 3635 1273 3689 riumfactam
1285 3635 1352 3688 illud
1362 3639 1538 3705 precesserat;

359 3707 423 3777 quia
449 3707 537 3762 domni
554 3707 670 3762 Victoris
687 3708 854 3761 immaritatio
891 3707 994 3762 rior..
1015 3729 1039 3772 .;
1083 3705 1160 3760 einde
1187 3705 1256 3775 quod
1275 3704 1310 3759 ad
1328 3706 1418 3760 hostes
1436 3706 1472 3759 im
1507 3707 1538 3760 rii

359 3795 421 3848 pars
439 3779 487 3832 illa
508 3795 536 3832 se
554 3779 705 3844 hansbrlit,
733 3778 852 3847 obligata
869 3725 965 3844 Kiculo,
990 3776 1238 3842 Mediolanensibus,
1257 3776 1447 3842 Bririeneibns,
1474 3723 1538 3830 Kela-

359 3849 471 3903 sentinis
489 3866 535 3919 por
552 3853 754 3914 sacramentum,
784 3849 852 3919 quod
872 3865 952 3903 sanae
977 3847 1111 3901 dochinae
1130 3846 1262 3900 adversari
1281 3847 1394 3915 videtur,
1423 3865 1482 3901 cum
1511 3851 1539 3902 et

359 3920 480 3974 subditos
498 3936 515 3972 a
532 3919 687 3974 iuramentis
713 3918 853 3973 fidelitatis
870 3919 976 3973 debitae
994 3916 1115 3972 absolvat
1143 3919 1170 3971 ot
1188 3917 1284 3971 servire
1302 3917 1454 3988 imperatori
1481 3935 1538 3989 pro-

360 3991 452 4045 hibeat
477 4007 653 4060 quoscumque
679 3993 707 4042 at
733 3990 772 4043 sia
790 3989 943 4044 discessioni
972 3988 1043 4042 dam
1065 3991 1194 4058 preparet,
1223 3988 1293 4058 quod
1319 3989 1461 4058 pessimum
1488 3992 1538 4056 ast,

360 4061 430 4115 sicat
448 4077 524 4131 opere
540 4061 597 4131 ipso
614 4061 736 4114 clarescit
753 4063 782 4114 et
798 4061 905 4131 scriptis
924 4059 1039 4129 undique
1066 4075 1112 4129 per
1129 4059 1236 4112 Italiam
1256 4059 1363 4114 directis
1393 4063 1450 4114 tam
1477 4059 1538 4113 civi·

360 4132 462 4187 tatibus
479 4148 558 4201 quam
575 4131 720 4202 episcopia‘

447 4201 589 4256 Schroiben
606 4201 702 4272 Propst
718 4201 860 4256 Heinricbs
875 4218 900 4254 v.
919 4200 1133 4268 Berchtesgadcn
1152 4217 1186 4254 an
1204 4199 1341 4256 Eberhard
1359 4218 1383 4255 v.
1394 4199 1535 4270 Salrburg:

359 4273 497 4328 Recitata
524 4275 587 4326 sunt
612 4273 719 4343 insuper
736 4272 841 4326 litterae
859 4287 939 4354 qnam
956 4270 1044 4342 plures
1061 4271 1180 4325 bullatae
1199 4271 1232 4324 ab
1250 4270 1399 4325 Alexandro
1428 4275 1456 4326 et
1482 4289 1538 4325 car·

360 4343 502 4411 dinalibns,
538 4344 566 4397 ui
583 4344 718 4414 cumipse
735 4345 807 4409 sunt,
834 4341 963 4425 episcopis
981 4345 1009 4396 et
1026 4341 1179 4396 civitatibus
1197 4341 1395 4411 longobardiae
1413 4342 1536 4409 directae,

359 4413 407 4468 sed
424 4431 441 4468 a
456 4361 580 4469 fidelibus
606 4412 694 4468 domni
711 4413 878 4484 imperatoris
899 4415 1001 4483 captae,
1026 4429 1057 4466 ex
1076 4429 1186 4483 quarum
1213 4415 1302 4467 tenore
1328 4412 1535 4468 machinationes

359 4501 448 4539 eornm
466 4488 494 4539 et
510 4484 646 4539 molimina
663 4487 755 4538 oontm
771 4483 909 4555 imperium
927 4487 1089 4556 patenter
1108 4486 1171 4538 sunt
1189 4483 1356 4553 deprehensa.
