3617 5284
1373 553 1436 619 253

259 727 341 794 (inm
370 728 478 792 autem
504 725 578 792 beni
599 727 632 790 et
653 726 781 792 stabiles
802 725 861 790 viri
880 725 915 790 in
936 743 995 790 sua
1015 725 1076 790 fide
1096 724 1295 790 inmutabiles
1316 744 1439 808 perma-

260 815 373 889 neant,
400 811 489 896 pravi
510 830 583 877 vero
606 830 642 877 ac
663 811 772 910 perfidi
792 815 918 876 tantum
948 811 987 909 ad
1008 814 1098 909 tuam
1119 810 1311 876 voluntatem
1332 810 1438 910 faciles

257 900 463 998 inveniantur,
483 917 597 981 parum
618 898 708 962 nob1s
730 899 838 996 obesse
859 902 984 980 poteris,
1006 917 1115 997 minus·
1133 899 1238 998 autem
1259 898 1368 962 bonon
1385 901 1438 996 tuo

258 983 1439 1152 101111111111111011111111111111111111111111·

259 1094 423 1222 maiestate
444 1090 556 1222 nostrils)
572 1155 818 1221 vicissitudinem
839 1155 1000 1237 reciperes.
1094 1133 1097 1140 ⁴
1246 1117 1254 1147 ’

301 1428 400 1515 llll.
426 1427 723 1538 lepstvalldelret
747 1427 803 1514 des
827 1426 1090 1515 hunniensis
1114 1451 1181 1514 von
1206 1428 1304 1516 latre
1329 1429 1399 1516 lllt

672 1544 1033 1650 (1011101-11101.*)

547 1665 715 1734 (Watterieh,
732 1665 810 1720 Pont.
828 1665 904 1721 Rom.
923 1664 1002 1720 Vitae
1019 1663 1056 1732 11,
1075 1665 1147 1734 644.)

344 1780 392 1844 De
415 1779 564 1844 electione
585 1781 702 1845 summi
731 1780 894 1864 pontificis.
945 1779 1032 1844 Licet
1060 1779 1098 1843 de
1121 1778 1264 1843 evitanda
1285 1779 1439 1845 discordia

258 1866 292 1929 iu
314 1866 464 1930 electione
486 1866 603 1930 summi
624 1865 780 1949 pontificis
794 1866 962 1930 manifesta
983 1866 1060 1931 satis
1082 1883 1102 1928 a
1122 1864 1238 1930 nostris
1260 1865 1440 1949 praedeces·

259 1951 382 2016 soribus
411 1951 583 2017 constituta
611 1952 814 2024 manaverint,
843 1957 958 2030 tamen,
985 1951 1058 2034 quia
1087 1969 1179 2034 saepe
1208 1953 1280 2033 post
1309 1953 1364 2016 illa
1384 1971 1439 2035 per

258 2037 419 2120 improbae
435 2036 613 2102 ambitionis
629 2038 792 2103 audaciam
806 2057 934 2120 gravem
952 2055 1047 2122 passa
1062 2042 1110 2100 est
1121 2035 1251 2100 ecclesia
1262 2036 1438 2116 scissuram,

259 2141 317 2186 nos
339 2122 435 2186 etiam
457 2121 497 2186 ad
510 2123 630 2187 malum
644 2124 705 2189 boc
719 2123 899 2189 evitandum
915 2123 952 2188 de
968 2122 1095 2188 consilio
1110 2119 1245 2186 fratrum
1258 2127 1439 2189 nostrorum

260 2214 292 2274 et
321 2208 401 2272 sacri
430 2208 651 2292 approbatione
680 2209 800 2275 concilii
828 2209 944 2291 aliquid
973 2207 1165 2273 decrevimus
1197 2207 1437 2292 adiungendum

260 2294 437 2360 Statuimus
470 2293 575 2375 igitur,
608 2298 654 2372 ut
687 2296 713 2361 si
745 2295 825 2361 forte
857 2295 983 2360 inimico
1013 2292 1138 2358 bomine
1171 2295 1438 2377 superseminante

259 2380 377 2444 zizania
401 2381 485 2444 inter
514 2380 685 2446 cardinales
713 2382 751 2447 de
780 2380 999 2446 substituendo
1031 2379 1175 2464 pontifice
1204 2398 1269 2444 non
1301 2381 1440 2464 potuerit

259 2465 423 2531 concordia
448 2467 543 2549 plena
571 2485 640 2532 esee
675 2472 707 2533 et
734 2467 856 2533 duabus
886 2467 1028 2551 partibus
1058 2464 1317 2531 concordantibus
1346 2467 1439 2530 tertia

259 2571 332 2635 pars
353 2552 490 2616 noluen't
511 2553 697 2618 concordare
726 2559 782 2618 aut
811 2554 870 2618 sibi
893 2553 991 2617 alium
1013 2551 1257 2636 praesumpserit
1287 2552 1440 2632 ordinare,

230 2637 311 2702 'ille
339 2637 501 2702 Romanus
528 2638 669 2722 pontifex
696 2639 863 2716 habeatur,
891 2640 945 2722 qui
977 2657 995 2702 a
1022 2637 1144 2702 duabus
1172 2637 1314 2720 partibus
1344 2639 1439 2703 luerit

259 2724 377 2789 electus
399 2729 431 2788 et
452 2727 604 2808 receptus.
649 2724 683 2790 si
706 2724 775 2807 quis
798 2730 905 2790 autem
926 2724 965 2788 de
987 2723 1097 2788 tertiae
1112 2723 1211 2806 partis
1226 2724 1437 2790 nominatione

260 2809 404 2886 confisus
427 2810 590 2892 quierem
611 2830 675 2876 non
696 2815 809 2895 potest,
837 2811 896 2876 sibi
925 2829 1041 2874 nomen
1070 2809 1205 2892 episcopi
1233 2811 1438 2894 usurpaverit

259 2899 326 2960 tarn
347 2895 423 2978 ipse,
445 2915 541 2978 quam
564 2897 618 2979 qni
640 2916 714 2961 eum
727 2898 909 2980 receperint
932 2893 1243 2961 excommunicationi
1257 2895 1438 2961 subiaceant

260 2985 292 3046 et
319 2981 417 3044 totius
446 2982 525 3046 sacri
554 2982 670 3047 ordinis
700 2983 874 3066 privatione
901 2983 1102 3056 mulctentur,
1131 2981 1177 3044 ite
1207 2983 1245 3045 ut
1266 2981 1370 3046 viatici
1393 2983 1438 3046 eis

259 3066 370 3143 etiam,
399 3066 461 3131 nisi
486 3069 612 3132 tantum
633 3071 666 3133 iu
688 3068 821 3146 ultimis,
850 3067 1028 3134 commuuio
1051 3066 1222 3148 denegetur
1244 3069 1283 3145 et,
1307 3067 1368 3132 nisi
1391 3085 1438 3132 re-

259 3151 426 3237 sipuerint,
459 3171 531 3217 cum
558 3153 685 3218 Dathan
712 3156 744 3219 et
771 3154 902 3232 Abiron,
932 3171 1011 3236 quos
1040 3155 1124 3216 terra
1151 3153 1238 3216 vivos
1271 3153 1439 3232 absorbuit,

259 3238 416 3321 accipiant
439 3239 624 3321 portionem
666 3239 834 3305 Praeterea
855 3241 882 3305 si
904 3258 924 3303 a
945 3237 1143 3323 paucioribus
1166 3238 1278 3320 aliquis
1302 3258 1397 3321 quam
1419 3258 1438 3303 a

260 3323 382 3389 duabus
406 3324 548 3407 partibus
562 3325 657 3391 fuerit
671 3327 789 3391 electus
811 3325 850 3390 ad
872 3325 1069 3409 apostolatus
1092 3322 1236 3400 officium,
1258 3325 1318 3390 nisi
1340 3325 1439 3390 maior

261 3409 425 3475 eoncordia
439 3410 656 3489 intercesserit
678 3412 859 3477 nullatenus
875 3412 1055 3476 assumatur
1070 3412 1102 3474 et
1122 3408 1299 3492 praedictae
1320 3429 1439 3494 poenae

260 3496 428 3575 subiaceat,
450 3496 477 3562 si
498 3497 660 3562 humiliter
680 3497 816 3562 noluerit
838 3497 1001 3562 abstinere.
1037 3496 1084 3560 Ex
1105 3495 1165 3560 boc
1187 3497 1293 3560 tamen
1314 3497 1439 3561 nullum

260 3582 416 3647 canonicis
431 3583 706 3649 constitutionibus
722 3587 755 3649 et
769 3584 838 3666 aliis
862 3582 1080 3648 ecclesiasticis
1102 3581 1325 3666 praeiudicium
1348 3602 1440 3665 gene-

260 3669 360 3745 retur,
387 3667 420 3732 iu
447 3668 561 3751 quibus
583 3669 710 3734 maioris
732 3672 765 3734 et
786 3669 918 3734 sanioris
940 3669 1038 3752 partis
1059 3667 1152 3732 debet
1173 3669 1328 3732 sententia
1349 3687 1439 3751 prae-

260 3753 370 3830 valere,
392 3752 467 3836 quia
481 3755 565 3836 quod
581 3755 613 3818 in
636 3755 681 3820 eis
703 3755 834 3820 dubium
848 3755 975 3831 venerit
999 3753 1166 3836 superioris
1188 3753 1304 3836 poterit
1323 3753 1436 3818 iudicio

261 3836 395 3902 diffiniri.
437 3839 475 3902 In
497 3839 639 3906 Romana
666 3861 739 3906 vero
768 3840 898 3906 eeclesia
926 3839 1044 3923 aliquid
1074 3839 1207 3923 speciale
1228 3839 1437 3918 constituitur,

262 3923 336 4006 quia
357 3944 421 3989 non
442 3930 546 4009 potest
567 3945 711 3992 recursus
734 3926 773 3991 ad
795 3927 988 4011 superiorem
1008 3925 1123 3990 haberi.

261 4124 348 4179 lichen
375 4124 432 4180 Hoi
453 4125 482 4178 in
506 4124 609 4194 Byzanz
634 4126 759 4192 besucbt;
792 4126 844 4180 mit
863 4126 920 4180 ihm
943 4125 1009 4196 ging
1037 4124 1076 4178 als
1100 4123 1270 4179 leiserlicher
1293 4122 1441 4180 Gesandter

263 4195 374 4249 Bieehoi
397 4195 506 4250 Konrad
531 4213 581 4249 rou
609 4195 722 4250 Worms.
757 4197 821 4251 Man
849 4199 992 4264 vermutet,
1025 4195 1087 4250 dass
1107 4195 1229 4248 letnterer
1253 4194 1312 4248 dem
1336 4194 1441 4264 Herzog

262 4282 308 4319 zur
337 4256 538 4335 Ubervachung
563 4265 723 4335 beigegeben
750 4283 812 4322 var.
848 4266 909 4335 Vgl.
937 4267 980 4321 die
1006 4267 1035 4320 in
1064 4265 1111 4319 Nr.
1138 4266 1160 4318 L
1186 4265 1308 4320 citierten
1341 4265 1440 4320 Stellen

263 4353 311 4390 aus
330 4336 381 4390 den
399 4333 482 4391 Gesta
499 4336 568 4404 regis
586 4336 694 4391 Henrici
712 4336 748 4392 11.
766 4338 822 4392 und
840 4335 973 4392 Gottfried
994 4353 1044 4390 von
1061 4335 1181 4391 Viturbo!

353 4407 378 4477 *)
407 4406 555 4461 Watterieh
584 4407 645 4476 gibt
672 4407 715 4462 die
741 4407 899 4462 Beeehldeee
930 4407 975 4462 des
1005 4405 1220 4462 Lateranlroun'ls
1249 4406 1318 4460 nach
1344 4405 1440 4475 nansi,

263 4476 404 4532 Sacrorum
423 4476 596 4533 Consiliorum
615 4476 740 4533 1101100110
757 4477 845 4546 xxn,
864 4481 916 4533 213
934 4479 962 4534 11.
997 4469 1070 4533 Uber
1087 4477 1138 4532 den
1155 4493 1205 4531 vnn
1224 4475 1275 4531 mir
1293 4477 1442 4546 001300001-
