3617 5284
375 535 418 604 48

378 711 545 796 apostolica
561 709 632 776 sede
647 710 895 796 praelibavimus,
910 711 940 776 in
957 707 1088 777 decretis
1109 709 1192 776 beati
1205 707 1351 794 Symacbi
1366 710 1496 796 papae*)
1512 749 1553 758 -

376 800 450 862 licet
473 799 682 881 experimento
698 799 832 862 sciamus
853 837 888 844 -
905 799 949 863 sic
971 799 1161 862 continetur:
1184 799 1284 875 „llle“‚
1308 799 1424 862 scilicet
1443 799 1554 862 beatus

378 884 499 960 Petrus,
523 902 708 967 „perennem
724 885 905 949 meritorum
928 884 1034 947 domm
1056 904 1128 948 oum
1150 885 1340 948 haereditate
1362 885 1555 949 innocentiae

377 971 463 1034 misit
475 970 513 1034 ad
526 973 690 1052 posteros.“
713 971 754 1033 Et
765 973 836 1053 post
850 988 965 1053 pauca:
983 969 1077 1048 „Quis
1093 970 1177 1033 enim
1189 974 1333 1034 sanctum
1346 989 1414 1034 esse
1425 970 1555 1046 dubitet,

379 1075 472 1137 quem
485 1074 562 1138 apex
573 1057 679 1119 tantae
695 1055 856 1137 dignitatis
872 1055 1001 1129 attollit;
1017 1056 1049 1118 in
1065 1075 1135 1136 quo,
1151 1055 1178 1118 si
1193 1055 1294 1118 desint
1310 1057 1389 1120 bona
1400 1055 1556 1138 adquisita

377 1161 432 1224 per
447 1141 602 1216 meritum,
619 1141 786 1218 sufficiunt,
802 1159 882 1222 quae
895 1141 982 1204 aloei
996 1141 1156 1204 decessore
1166 1143 1374 1222 praestantur.
1395 1145 1461 1205 Aut
1472 1142 1555 1205 enim

378 1228 476 1291 claros
499 1225 537 1291 ad
560 1227 637 1289 haec
659 1225 785 1308 fastigia
806 1226 904 1308 erigit,
928 1230 983 1290 aut
1005 1246 1058 1290 eos
1080 1227 1133 1308 qui
1156 1227 1317 1308 eriguntur
1339 1228 1501 1290 illustrat“

465 1311 669 1394 Quapropter,
692 1331 770 1393 quos
793 1316 901 1376 sancta
923 1312 1052 1376 ecclesia
1074 1331 1131 1376 sua
1153 1316 1262 1395 sponte
1285 1313 1324 1376 ad
1346 1313 1484 1395 regimen
1507 1314 1554 1377 vel

380 1397 1556 1567 alteritatislelldlltbtnlt..letbaldi

380 1570 462 1650 quod
485 1571 596 1633 beatus
619 1569 786 1651 Gregorius
815 1569 846 1631 in
870 1568 978 1633 eodem
1005 1569 1083 1633 libro
1104 1569 1252 1652 pastorali
1274 1572 1424 1633 testatur:
1458 1573 1557 1652 ‚ape

379 1659 480 1719 statae
504 1655 617 1738 quippe
640 1655 749 1736 angelo
772 1655 882 1718 similis
905 1653 1046 1730 efficitur,
1075 1655 1151 1718 dum
1172 1655 1265 1720 homo
1289 1655 1466 1719 bominibus
1489 1675 1557 1719 esse

380 1741 488 1804 similis
512 1741 704 1821 dedignatur.
747 1739 799 1804 Sic
814 1740 889 1804 Saul
904 1743 977 1823 post
989 1740 1177 1803 humilitatis
1191 1741 1338 1804 meritum
1353 1742 1385 1804 in
1402 1744 1557 1804 tumorem

380 1825 541 1909 superbiae
575 1826 710 1889 eulmine
731 1826 895 1908 potestatis
918 1825 1059 1889 excrevit
1116 1825 1177 1890 Per
1204 1827 1415 1890 humilitatem
1444 1829 1557 1909 quippe

379 1913 538 1994 praelatus
561 1915 616 1986 est
648 1929 704 1993 per
725 1908 902 1994 superbiam
924 1911 1115 1993 reprobatus,
1136 1911 1269 1976 Domino
1291 1915 1469 1988 attestante,
1503 1913 1557 1994 qui

381 1999 438 2060 ait:
475 1997 603 2073 „Nonne
626 2016 697 2060 cum
733 2015 816 2060 esses
838 1997 987 2079 parvulus
1015 1997 1048 2059 in
1068 1997 1164 2060 oculis
1194 1998 1266 2074 tuis,
1299 2000 1394 2080 caput
1426 2001 1457 2061 te
1486 2017 1558 2062 eorr-

381 2083 469 2146 stitui
492 2083 525 2144 in
547 2082 689 2146 tribubus
710 2081 849 2146 Israel?“
871 2083 913 2145 Et
933 2083 1026 2165 paulo
1047 2082 1193 2146 inferius:
1220 2083 1316 2159 ,Miro
1339 2087 1444 2147 summ
1466 2084 1558 2147 modo

381 2187 454 2232 oum
477 2167 559 2250 apud
582 2185 615 2231 se
637 2168 794 2250 paruulus,
818 2168 900 2250 apud
922 2167 1093 2231 Dominum
1114 2186 1256 2250 magnus,
1288 2188 1361 2232 oum
1383 2189 1454 2233 vero
1476 2169 1557 2252 apud

382 2274 415 2318 se
438 2273 572 2334 magnus
596 2254 747 2336 apparuit,
781 2253 863 2335 apud
884 2253 1055 2316 Dominum
1084 2255 1233 2336 parvulus
1257 2253 1342 2318 fune
1386 2255 1560 2336 Vigilanter

384 2359 507 2421 quoque
529 2339 693 2416 retineant,
715 2339 797 2421 quod
813 2339 966 2403 Dominus
986 2339 1018 2402 in
1035 2339 1195 2421 euangelio
1218 2339 1308 2403 dicit:
1331 2341 1415 2422 „Ego
1429 2340 1559 2422 gloriam

380 2444 484 2489 meam
506 2444 568 2489 non
591 2433 731 2506 quaero“‚
762 2427 794 2488 ot
814 2424 894 2502 ..Qui
916 2425 984 2488 vult
1005 2425 1086 2488 inter
1107 2444 1162 2490 ros
1184 2444 1252 2490 esse
1273 2427 1401 2508 primus,
1431 2427 1472 2490 sit
1493 2446 1559 2490 om-

380 2511 469 2574 nium
492 2517 625 2574 servus‘.
669 2510 826 2574 Honorem
848 2510 907 2574 Dei
929 2529 1051 2593 semper
1080 2530 1137 2575 suo
1158 2515 1365 2594 praeponant;
1399 2511 1560 2588 iustitiam,

382 2597 549 2677 unicuique
572 2615 665 2660 suurn
681 2595 831 2666 servando
846 2597 904 2671 ius,
928 2597 1157 2679 amplectantur
1175 2600 1269 2677 atque
1285 2598 1474 2672 custodiant3
1497 2618 1559 2661 uon

383 2686 456 2746 eant
483 2683 515 2745 in
544 2681 669 2746 consilio
698 2683 873 2764 impiorum,
910 2682 965 2745 sed
997 2683 1148 2764 religiosis
1180 2702 1301 2765 semper
1334 2683 1560 2764 adquiescendo

386 2767 476 2832 eorde
494 2767 690 2831 adhaereant.
735 2767 883 2831 Sancmm
901 2766 1062 2832 eeclesiam
1076 2787 1138 2831 non
1154 2772 1307 2849 quaerant
1321 2770 1402 2832 siout
1416 2770 1561 2834 ancillam

386 2854 443 2917 sibi
467 2853 605 2918 subluere
628 2853 676 2917 vel
699 2853 880 2934 subiugare;
903 2853 956 2917 sed
972 2854 1161 2936 permaxime
1184 2855 1288 2918 oculos
1305 2855 1398 2930 illius
1419 2855 1562 2920 videlicet

384 2939 509 3003 Domini
532 2939 715 3014 sacerdotes,
751 2939 917 3020 magistros
945 2941 977 3002 et
1003 2944 1109 3020 patres
1133 2940 1387 3022 recognoscendo,
1417 2940 1561 3005 decenter

385 3024 533 3089 studeant
554 3025 712 3089 bonorare.
766 3025 858 3100 Nam,
881 3025 908 3088 si
930 3026 1069 3089 carnales
1091 3028 1196 3108 patres
1219 3029 1251 3089 et
1271 3028 1389 3090 matres
1410 3027 1560 3091 honorare

381 3111 533 3186 iubemur,
566 3113 683 3192 quanto
711 3111 812 3192 magis
842 3110 1041 3193 spirituales?
1077 3111 1119 3174 Et
1140 3111 1168 3174 si
1188 3111 1240 3174 ille
1263 3112 1316 3192 qui
1342 3113 1456 3177 carnali
1479 3113 1562 3196 patri

385 3197 434 3261 vel
456 3196 550 3259 matri
572 3195 773 3272 maledixerit,
795 3201 895 3260 morte
916 3196 1099 3261 multandus
1122 3199 1177 3271 est
1211 3197 1285 3278 quid
1307 3198 1367 3274 ille,
1390 3199 1444 3280 qui
1465 3199 1562 3262 male-

384 3282 458 3345 dicit
491 3281 645 3363 spirituali
678 3283 758 3364 patri
788 3283 837 3344 uel
868 3282 971 3357 matri,
1004 3284 1161 3347 meretur?
1197 3282 1276 3358 Non,
1309 3283 1424 3348 carnali
1458 3303 1561 3348 amore

383 3367 486 3442 illecti,
509 3366 656 3430 studeant
678 3367 777 3430 filium
800 3387 893 3430 suum
915 3368 1010 3449 gregi,
1043 3388 1098 3450 pro
1122 3387 1183 3450 quo
1206 3369 1349 3432 Christus
1377 3371 1561 3452 sanguinem

384 3472 477 3517 suum
499 3452 588 3529 fudit,
610 3471 806 3535 praeponere,
829 3453 855 3516 si
877 3453 1036 3518 meliorem
1059 3454 1111 3517 illo
1134 3459 1166 3517 et
1184 3455 1341 3519 utiliorem
1361 3459 1494 3538 possunt
1515 3457 1562 3519 in-

384 3539 504 3609 venire:
528 3558 576 3614 ne,
598 3539 669 3621 plus
684 3538 750 3602 Deo
773 3539 928 3620 diligendo
949 3539 1058 3616 filium,
1080 3540 1251 3604 maximum
1268 3543 1394 3605 sanotae
1416 3541 1562 3605 ecclesiae

386 3625 520 3688 inierant
543 3624 774 3688 detrimentum.
817 3623 966 3689 Patenter
987 3625 1070 3689 enim
1091 3625 1195 3689 Deum
1217 3629 1249 3689 et
1270 3626 1453 3708 proximum,
1481 3627 1563 3690 siout

386 3709 588 3774 christianum
605 3713 732 3792 oportet,
747 3731 809 3774 non
825 3717 929 3774 amare
946 3711 1144 3786 convincitur,
1160 3712 1212 3792 qui
1225 3714 1331 3775 tantae
1343 3713 1470 3777 utilitati
1482 3715 1563 3776 tam-

386 3815 447 3878 que
458 3797 649 3860 necessariae
665 3799 791 3860 sanotae
806 3797 900 3860 matri
912 3798 1065 3874 eeclesiae,
1080 3801 1174 3879 prout
1184 3798 1296 3861 melius
1307 3800 1418 3880 potest,
1432 3799 1563 3880 negligit

386 3881 553 3964 providere.
575 3881 644 3945 Hac
655 3901 791 3964 namque
802 3882 917 3946 virtute
928 3883 960 3946 id
971 3888 1020 3946 est
1031 3884 1158 3946 caritate
1169 3884 1319 3963 neglecta,
1335 3884 1561 3965 quicquidboni

388 3967 501 4048 aliquis
523 3967 637 4044 fecerit
659 3969 744 4032 omni
766 3968 876 4032 salutis
899 3969 1002 4033 tructu
1024 3969 1148 4033 carebit.
1176 3969 1263 4033 Haec
1284 3969 1389 4052 itaque
1405 3970 1563 4033 humiliter

385 4053 504 4134 agendo
520 4056 552 4118 et
564 4072 699 4118 amorem
711 4054 769 4118 Dei
782 4057 814 4118 et
823 4055 954 4136 proximi
966 4055 1047 4118 sicut
1059 4057 1180 4138 oportet
1192 4056 1350 4132 servando,
1362 4060 1564 4138 praesumant

385 4139 423 4202 de
438 4139 522 4202 illius
544 4139 761 4216 urisericordia,
784 4141 838 4221 qui
860 4139 954 4203 dixit:
985 4140 1119 4218 ,Jliscite
1143 4160 1234 4218 ome,
1257 4142 1331 4223 quia
1344 4142 1430 4204 mitis
1445 4161 1516 4206 sum
1531 4146 1564 4205 et

386 4223 513 4288 humilis
535 4224 650 4288 corde.“
684 4224 785 4302 Quem
801 4225 825 4288 si
841 4226 1002 4290 humiliter
1015 4226 1129 4290 imitati
1144 4225 1267 4302 suerint,
1289 4227 1328 4291 de
1342 4247 1437 4309 regno
1461 4229 1562 4292 servili

386 4314 418 4374 et
439 4310 615 4374 transitorio
639 4311 677 4374 ad
700 4331 831 4392 regnum
845 4330 917 4376 vere
940 4313 1090 4375 libertatis
1113 4316 1146 4376 ot
1160 4314 1353 4376 aeternitatis
1377 4314 1563 4376 transibunt.

476 4465 504 4534 *)
523 4463 625 4519 Decret.
644 4465 806 4520 Pseudoisid.
825 4465 865 4518 eil.
884 4465 1030 4520 Hinsehius
1049 4485 1074 4536 p.
1094 4472 1154 4521 666.
1191 4467 1250 4536 vgl.
1271 4469 1338 4521 auch
1356 4468 1404 4522 Nr.
1423 4469 1469 4524 VI.

875 4571 999 4578 -—.-,—--
1004 4573 1083 4580 ——--
