3617 5284
367 547 406 610 10

364 717 508 792 serviens,
531 717 639 781 devote
660 715 831 792 oboediens,
854 716 1023 780 statuimus
1037 735 1093 800 per
1107 717 1165 780 hoc
1179 717 1322 779 nostrum
1337 715 1541 798 apostolicum

364 803 568 887 privilegium,
592 806 628 866 ut
650 801 687 865 de
710 801 797 866 bonis
820 801 880 866 illis
896 802 1040 866 omnibus
1056 820 1135 884 quae
1150 802 1215 878 tibi,
1237 820 1352 885 sponsa
1372 801 1540 874 carissima

365 889 450 970 virgo
480 888 670 963 castissima,
700 888 829 952 ecelesia
850 888 1077 972 speciosissima
1098 887 1257 951 Babeberc
1285 906 1410 951 summa
1430 887 1542 950 libora-

364 975 435 1040 litas
466 974 605 1039 eiusdem
634 973 794 1038 orthodoxi
822 974 1017 1057 imperatoris
1047 973 1084 1037 de
1112 991 1237 1037 summa
1265 973 1425 1038 devotione
1453 991 1542 1056 prae-

364 1060 475 1125 cedens
497 1060 547 1143 pio
571 1059 683 1123 affectu
705 1061 850 1136 contulit,
882 1061 914 1124 ct
935 1059 1153 1124 nominetenus
1175 1058 1229 1122 illa
1251 1078 1307 1142 per
1327 1059 1541 1124 concambium

366 1145 701 1218 convenientissimum,
735 1149 767 1208 et
790 1145 1040 1229 acceptissimum
1073 1144 1369 1226 aVvirrehurgeusi
1404 1147 1436 1208 et
1456 1144 1541 1225 Iligi-

367 1232 497 1297 stetensi
527 1231 676 1314 episcopis
708 1232 852 1296 canonico
876 1235 909 1294 et
929 1231 1104 1295 rationabili
1132 1229 1244 1294 iudicio
1266 1230 1463 1314 permutavit
1492 1230 1540 1293 vel

299 1377 300 1380 ,
365 1335 633 1400 quorumcumque
649 1319 719 1399 post
735 1336 807 1381 eum
818 1317 956 1380 fidshum
968 1317 1111 1398 rehgr‘osa
1122 1316 1221 1399 pietas
1233 1317 1346 1380 obtth
1357 1319 1389 1381 et
1399 1316 1542 1380 oblatura

364 1407 412 1468 est
434 1423 534 1486 usque
556 1403 589 1467 in
611 1405 806 1485 perpetuum,
828 1403 892 1466 sive
908 1406 983 1467 suut
997 1403 1130 1475 mobilia
1153 1403 1220 1466 siva
1234 1401 1411 1478 immobilia,
1433 1402 1540 1465 nullus

364 1509 425 1566 ror,
448 1490 518 1566 dux,
540 1487 685 1563 marchio,
708 1487 884 1564 vicecomes,
908 1492 939 1552 ct
952 1491 1112 1571 praeterea
1126 1507 1187 1552 nou
1204 1487 1459 1572 archiepiscopus,
1479 1506 1540 1551 non

366 1577 535 1660 episcopus,
558 1593 619 1638 uon
642 1574 745 1650 abbas,
767 1593 825 1638 nec
846 1575 912 1638 ulla
933 1574 1095 1638 homiuum
1110 1593 1241 1657 persona
1256 1574 1378 1650 audeat,
1399 1575 1541 1656 temptet

365 1665 553 1744 praesumot,
577 1660 745 1741 quicquam
766 1661 816 1724 vel
837 1659 985 1724 violentia
1006 1660 1055 1724 vel
1077 1659 1185 1724 fraude
1208 1660 1258 1724 vel
1272 1659 1355 1723 furto
1370 1659 1541 1732 detrahere,

365 1747 520 1822 annuere,
549 1745 701 1810 mutilare.
746 1745 834 1825 Quod
869 1746 894 1809 si
929 1745 998 1827 quis
1031 1745 1179 1810 diabolico
1211 1745 1360 1810 instinctu
1396 1745 1541 1827 pulsatus

353 1831 481 1897 'crudeli
504 1831 678 1896 temeritate
694 1831 857 1896 admittere
871 1850 934 1895 non
949 1831 1166 1914 perhorruerit
1188 1834 1220 1895 et
1236 1831 1416 1906 admissum,
1437 1831 1541 1914 potius

366 1919 530 1982 emendare
551 1917 729 1998 neglexerit
752 1917 930 1982 huiusmodi
952 1917 1109 1981 homiuem
1132 1918 1320 1998 quicumque
1343 1916 1380 1980 de
1403 1934 1541 1980 commu-

365 2005 456 2068 nione
479 2003 667 2068 sacrosancti
689 2003 850 2085 sanguinis
873 2007 904 2068 et
925 2003 1060 2086 corporis
1082 2003 1119 2066 Ι).
1135 2002 1173 2066 N.
1188 2003 1212 2066 l.
1229 2003 1262 2067 C.
1286 2005 1317 2066 et
1340 2020 1358 2066 a
1378 2001 1540 2084 participio

366 2091 462 2155 totius
485 2088 720 2154 christianitatis
741 2109 803 2154 non
825 2090 928 2154 solum
950 2088 1157 2166 excludimus,
1184 2089 1239 2152 sed
1261 2091 1293 2152 et
1315 2088 1541 2172 propulsamus.
1641 2155 1644 2159 ,

366 2175 448 2255 Quin
471 2179 503 2240 et
525 2175 682 2258 apostolici
712 2175 920 2239 anathematis
952 2175 1132 2238 acutissima
1158 2175 1266 2238 lancea
1293 2193 1365 2238 eum
1386 2177 1542 2237 transver-

366 2263 525 2337 beramus,
547 2263 584 2324 ut
606 2279 660 2343 pro
682 2261 763 2325 male
785 2260 874 2326 factis
897 2261 978 2324 male
1000 2260 1139 2344 perditus
1161 2263 1295 2324 mortem
1316 2263 1422 2342 gemat
1444 2263 1543 2323 aeter·

365 2365 453 2423 narn,
484 2346 653 2412 associatus
680 2347 713 2410 in
735 2347 856 2428 gehena
884 2345 1035 2410 inferioris
1063 2345 1175 2410 inferni
1203 2346 1390 2410 daemonum
1411 2345 1542 2428 principi

366 2433 475 2497 mortis
496 2432 658 2506 inventori,
681 2431 828 2497 etJudae
851 2431 999 2513 sacrilego
1022 2435 1054 2496 at
1074 2431 1230 2515 proditori
1254 2431 1391 2513 undique
1412 2432 1543 2495 circum·

367 2519 508 2582 cinctus)
537 2518 720 2583 draconibus
752 2517 896 2583 tartareis
929 2518 961 2581 in
990 2517 1141 2582 ultionem
1169 2518 1391 2592 saevientibus,
1424 2536 1481 2581 neo
1509 2517 1541 2579 iu

368 2604 478 2669 ultimo
500 2603 653 2668 tremendi
668 2604 727 2668 Dei
748 2604 860 2670 iudicio
884 2604 922 2668 ad
945 2605 1042 2667 vitam
1058 2607 1202 2686 resurgat
1223 2603 1277 2668 sed
1293 2603 1541 2667 crudelissimum

366 2709 477 2774 corpus
505 2709 666 2754 resumens
696 2689 810 2773 duphci
839 2690 1037 2755 contrictione
1065 2692 1257 2764 conteratur,
1279 2688 1488 2754 iufehcissimo
1511 2692 1543 2752 et

366 2775 539 2840 miserrimo
572 2775 695 2840 vivendi
727 2795 838 2856 genere
871 2778 1004 2839 mortem
1037 2793 1189 2857 quaereus
1224 2778 1256 2839 et
1283 2794 1345 2839 non
1374 2775 1542 2838 inveniens.

367 2860 428 2940 Qui
456 2879 528 2924 vero
560 2859 610 2944 pio
636 2860 753 2925 intuitu
786 2862 926 2945 proprias
955 2879 1068 2925 manus
1101 2861 1140 2923 ab
1161 2860 1339 2924 huiusmodi
1366 2860 1542 2924 temeritate

367 2946 561 3022 subtraxerit
585 2948 617 3009 et
634 2946 720 3011 siita
734 2963 783 3010 res
806 2947 949 3029 exegerit
972 2946 1136 3010 adversum
1155 2965 1263 3010 omues
1284 2945 1489 3027 insurgentes,
1512 2947 1544 3008 et

367 3033 534 3114 quicquam
562 3029 682 3095 auferre
705 3037 851 3096 conantes
874 3051 912 3096 ea
934 3033 1014 3096 bona
1036 3031 1207 3096 defenderit
1228 3031 1268 3095 ad
1290 3034 1381 3095 tuum
1402 3034 1543 3095 tuorum-

367 3137 428 3200 que
450 3136 536 3201 opus,
559 3117 755 3182 sanctissimo
776 3118 972 3193 Bobenherc,
993 3118 1048 3181 illa
1069 3117 1186 3182 scilicet
1213 3120 1251 3181 ut
1271 3116 1464 3200 praedictum
1486 3120 1543 3193 est,

368 3221 447 3286 quae
475 3203 531 3267 libi
553 3203 666 3267 collata
687 3207 762 3268 sunt
784 3204 832 3268 vel
854 3204 891 3268 de
914 3208 1016 3268 cetero
1043 3203 1077 3267 iu¹
1099 3206 1261 3267 aeternum
1281 3202 1338 3266 tibi
1360 3201 1544 3267 conferenda

367 3291 457 3353 sunt:
493 3289 564 3352 talis
594 3289 632 3352 ab
660 3289 713 3354 illo
744 3289 962 3365 benedicatur,
995 3289 1048 3372 qui
1077 3308 1171 3373 super
1198 3289 1367 3354 Cherubim
1403 3288 1544 3353 sedetet

369 3375 527 3456 gloriatur,
549 3393 604 3457 pro
624 3393 658 3439 eo
675 3376 758 3457 quod
775 3375 832 3440 hoc
846 3379 970 3440 nostrae
986 3374 1184 3439 authoritatis
1205 3374 1401 3458 privilegium
1423 3374 1544 3438 studuit

368 3461 530 3525 observare
566 3458 723 3538 illaesum,
774 3480 892 3543 suoque
927 3462 1034 3525 robore
1067 3461 1235 3533 solidatur;
1280 3459 1363 3542 quod
1395 3460 1543 3524 nimirum

368 3545 494 3610 consilio
517 3548 549 3610 et
571 3545 730 3611 voluntate
752 3565 810 3612 nec
830 3565 891 3610 uon
916 3545 1009 3611 alacri
1030 3549 1235 3630 promptoque
1257 3546 1359 3610 auimo
1382 3546 1543 3609 clarissimi

368 3630 421 3694 filii
444 3630 542 3695 nostri
563 3631 627 3694 iam
650 3633 792 3717 superius
814 3632 978 3696 memorati
1000 3631 1117 3696 domiui
1138 3631 1178 3694 Η.
1191 3631 1387 3715 imperatoris
1410 3633 1542 3712 Augusti

368 3717 406 3781 de
428 3719 536 3781 nostra
558 3719 725 3799 apostohca
746 3717 819 3782 sede
841 3718 897 3782 tihi
919 3717 1151 3782 trasmisimus
1173 3716 1273 3781 eidem
1288 3717 1447 3798 gratulari.
1490 3718 1545 3780 Et-

370 3803 452 3866 enim
475 3805 512 3865 ut
533 3804 564 3867 te
586 3802 739 3885 plautavit
753 3803 891 3869 conditor
905 3806 981 3867 tuus
996 3803 1048 3867 ille
1063 3804 1182 3886 primus
1196 3802 1236 3866 R
1251 3802 1367 3868 Cacsar
1380 3805 1543 3885 Augustus

368 3889 413 3952 sic
435 3891 467 3952 et
495 3888 546 3953 hic
576 3890 730 3954 secundus
755 3890 885 3972 vestigia
907 3889 974 3954 eius
996 3907 1144 3971 sequens,
1171 3892 1208 3953 ut
1228 3889 1295 3972 pari
1316 3889 1441 3953 nomine
1463 3889 1544 3972 pari-

369 3993 430 4056 que
452 3973 619 4056 dignitate‚
655 3977 700 4040 sic
725 3976 793 4059 pari
820 3975 981 4040 devotione
1009 3977 1040 4038 te
1068 3974 1195 4058 rigavit,
1228 3975 1285 4038 tihi
1316 3975 1543 4039 incrementum

369 4059 463 4136 dedit,
487 4063 519 4124 et
541 4059 643 4125 adhuc
667 4061 743 4126 dum
765 4081 865 4144 usqne
894 4060 1005 4125 vixerit
1032 4060 1098 4125 Deo
1131 4061 1299 4124 miserante
1321 4063 1353 4124 et
1374 4060 1544 4143 inspirante

368 4146 463 4209 dabit.
506 4145 544 4208 In
567 4165 628 4228 quo
651 4150 696 4226 te,
725 4147 906 4212 dulcissima
928 4165 1049 4230 sponsa,
1072 4148 1216 4229 optamus
1238 4146 1416 4210 insaecula
1438 4165 1544 4210 saecu·

369 4231 471 4295 lorum
494 4249 639 4310 crescere,
661 4234 784 4317 pollere,
806 4232 919 4314 vigere,
942 4232 1097 4296 diceutes:
1121 4232 1198 4296 berre
1220 4233 1327 4297 valete.

352 4553 353 4556 ,
459 4495 485 4564 a)
502 4493 599 4560 blansi,
618 4493 838 4548 circumcinctum.
