3617 5284
1360 561 1401 622 75

220 727 359 782 ooncoeait
395 727 517 781 Tradit
540 728 628 782 enim
655 727 747 782 curia
771 729 806 780 et
828 727 864 780 ab
890 727 1063 780 aecclesia
1086 744 1120 782 so
1144 730 1214 782 tem
1242 744 1310 794 ore,
1340 746 1403 798 quo

221 799 287 851 sub
303 797 473 851 Heinrico
490 797 522 852 V.
541 798 580 852 de
597 798 816 852 investitura
833 798 1066 868 episcoporum
1092 797 1205 851 decisa
1220 745 1293 853 iuis
1310 799 1405 853 inter

220 885 362 936 regnam
392 871 426 922 et
455 869 696 923 sacerdotium
726 869 985 934 controversie,
1021 867 1091 922 sibi
1120 885 1405 948 concessammau-

220 941 375 1004 tumnat,
405 939 503 1009 quod,
534 939 742 994 obeuntibus
770 938 963 1021 episcopis,
1000 939 1029 992 ei
1058 939 1148 993 forte
1178 939 1213 993 in
1243 939 1404 1009 eligendo

221 1014 341 1080 partes
358 1009 457 1076 fiant,
474 1010 647 1082 principis
665 1009 807 1064 arbitria
825 1026 905 1077 esse,
925 1009 1122 1080 episcopum
1141 1027 1236 1080 quem
1255 1011 1405 1065 voluerit

221 1081 796 1222 ttat‘itrlltltt‘lttulit
822 1097 1055 1221 dilituit
1076 1080 1405 1223 attitulati}

222 1225 313 1274 trum
331 1222 420 1276 susci
448 1222 538 1286 ιη’)

262 1361 268 1372 Ι
313 1309 335 1347 c.
361 1295 393 1346 8:
419 1240 500 1346 gorra
526 1291 659 1348 Gerardus
682 1292 831 1364 prepositus
853 1291 964 1346 Romam
987 1309 1111 1362 pergens,
1138 1292 1284 1375 Eugenium
1309 1311 1405 1365 papam

223 1361 308 1429 aaut,
333 1362 408 1432 eique
432 1380 539 1418 causam
557 1363 793 1432 Magdebnrgensis
817 1362 957 1416 aecclesiae
976 1363 1109 1434 aperiens,
1137 1362 1349 1432 Gwrcmaunum,
1373 1369 1405 1420 ut

223 1449 307 1503 snpra
322 1433 423 1487 dictmn
441 1436 490 1501 est,
510 1451 527 1488 a
543 1435 661 1504 principe
672 1451 719 1504 per
730 1434 881 1488 electionem
895 1432 1004 1487 albariam
1021 1433 1106 1504 partis
1118 1435 1156 1488 ibi
1169 1435 1293 1502 locatum,
1312 1435 1404 1490 multis

222 1504 310 1557 modis
328 1503 361 1557 de
378 1504 525 1559 intmsiono
543 1505 684 1560 accusavit.
714 1504 857 1558 Honorem
888 1521 948 1557 uam
967 1505 1270 1572 gravissimeRomanus
1288 1507 1404 1576 pontifex

223 1575 362 1644 exceperit,
381 1579 437 1628 tam
455 1591 486 1628 ar
503 1577 610 1642 litteris,
628 1575 765 1646 inquibus
778 1593 848 1630 nonn
889 1575 1059 1646 aepiscopis,
1079 1575 1123 1646 qui
1136 1593 1183 1646 pro
1196 1593 1226 1630 eo
1239 1578 1271 1630 ob
1291 1593 1404 1632 amarem

223 1646 294 1713 regis
311 1645 445 1699 Romanae
463 1647 603 1701 aecclesiae
620 1647 792 1728 scripserant,
816 1645 964 1716 respondit,
988 1662 1067 1716 qaam
1092 1663 1123 1700 ex
1148 1648 1336 1715 cardinalium,
1355 1648 1399 1718 qui

223 1715 392 1787 postrnodum
409 1716 445 1769 ad
462 1716 637 1787 'l'ransalpina
655 1717 748 1771 directi
767 1719 839 1783 suot,
858 1717 917 1769 viva
935 1733 995 1770 voce
1014 1716 1195 1787 percepimus]

266 1876 301 1950 a)
325 1874 500 1944 Sabratteu
523 1875 646 1960 [uuam
668 1874 715 2033 llli
735 1875 1072 2046 apupaanppmkapital
1096 1893 1132 1942 ru
1156 1877 1355 1962 nanceium,

418 2072 545 2142 (Wibaldi
564 2089 621 2143 epp.
640 2089 680 2126 nr.
700 2077 767 2140 4013
785 2071 862 2140 Jah'e,
881 2072 1050 2128 Bibliotheca
1068 2072 1089 2140 1,
1110 2077 1159 2127 534
1178 2073 1208 2142 l.)

309 2188 470 2268 Eugenius
496 2188 657 2270 episcopus
684 2207 791 2253 servus
820 2207 979 2252 servornm
1007 2187 1067 2250 Dei
1095 2189 1239 2253 universo
1268 2190 1403 2272 capitulo

223 2273 502 2354 Magdeburgensis
531 2273 694 2338 aecclesiae
717 2275 905 2338 salutemet
928 2273 1128 2357 apostolicam
1149 2274 1402 2339 benedictionem.

309 2359 455 2423 Pervenit
484 2358 522 2424 ad
549 2377 639 2423 aures
661 2363 798 2436 nostras,
826 2357 910 2440 quod
930 2360 1002 2441 post
1023 2358 1218 2437 electionem,
1248 2361 1403 2443 quamde

223 2464 357 2529 persone
378 2444 482 2509 dilecti
502 2445 558 2508 filii
572 2446 669 2509 nostri
685 2444 861 2528 G(erhardi)
883 2443 1031 2528 prepositi
1053 2446 1147 2509 vestri
1163 2465 1279 2521 omnes,
1300 2452 1404 2530 preter
1454 2499 1457 2504 .

225 2535 360 2614 septem,
388 2531 513 2596 masilia
540 2531 753 2612 religiosorum
779 2530 950 2595 secundum
976 2530 1079 2594 Deum
1106 2531 1237 2609 fecistis,
1267 2532 1403 2596 Cicensis

226 2616 395 2700 epiecopus,
417 2618 558 2698 neglecta
572 2617 622 2680 sui
644 2616 759 2681 ordinis
780 2618 951 2693 honestata,
974 2619 1081 2681 eontra
1102 2617 1258 2681 iusticiam
1280 2623 1311 2682 et
1333 2637 1404 2682 oon·

222 2703 419 2768 stitutionem
442 2704 620 2767 sanctorum
641 2705 768 2786 patrum
789 2722 822 2767 se
844 2702 877 2766 in
898 2704 1003 2766 vestra
1025 2703 1172 2766 aeeclesia
1193 2703 1277 2785 regio
1299 2703 1402 2768 favore

220 2789 361 2872 ingerere
382 2789 471 2853 nisus
493 2788 549 2863 sit;
572 2794 627 2865 et,
650 2789 731 2854 sicut
753 2788 944 2872 accepimus,
967 2789 1005 2852 ab
1026 2787 1094 2872 ipso
1116 2789 1253 2873 principe
1276 2789 1403 2854 inresti-

227 2920 270 2926 —
282 2920 404 3026 *b-Zu
407 2919 504 3013 dieser
521 2958 686 3029 Anapielung
710 2960 757 3013 aul
779 2959 828 3012 das
845 2958 979 3012 Wormser
996 2957 1152 3012 Konlrordat
1176 2959 1227 3028 vgl.
1251 2957 1315 3014 Otia
1334 2959 1402 3014 Fris.

223 3031 319 3086 Chron
332 3031 393 3097 VII,
414 3035 460 3084 16:
480 3029 651 3098 Privilegium
663 3047 725 3099 ergo
738 3031 770 3084 de
787 3029 838 3083 hoc
855 3029 979 3083 ecclesiae
997 3029 1136 3096 scribitur;
1157 3047 1187 3084 ac
1204 3029 1269 3099 ipsis
1288 3047 1401 3097 rursum,

221 3106 259 3155 ut
287 3101 397 3156 electi
426 3104 493 3154 tam
520 3099 691 3172 cisalpini
721 3117 818 3171 quam
846 3099 1058 3169 transalpini
1087 3117 1150 3155 non
1177 3100 1277 3171 prius
1304 3101 1403 3154 ordi·

221 3176 351 3254 nentur
374 3171 540 3252 episcopi,
568 3187 668 3241 quam
694 3171 831 3240 regalia
855 3171 895 3224 de
918 3187 1016 3224 manu
1041 3171 1114 3254 eius
1139 3189 1198 3240 per
1226 3187 1281 3225 sce
1311 3175 1402 3226 tram

222 3241 1402 3382 {tutatidittmtttttaltttltthdltltttttthclhtt

222 3383 272 3438 den
291 3383 427 3438 Wortlaut
451 3384 497 3437 dee
515 3382 683 3438 Konkordats
708 3383 805 3438 sowohl
832 3383 859 3436 in
885 3382 932 3436 der
957 3382 1159 3437 authentischen
1178 3383 1299 3452 Fassung
1317 3383 1357 3438 als
1374 3384 1402 3438 in

224 3455 270 3508 der
297 3454 476 3522 sigenannten
495 3453 668 3508 laisorlichen
685 3454 807 3523 Fassung
835 3453 881 3507 des
900 3453 962 3508 Cod.
982 3452 1100 3507 Udahici
1120 3454 1180 3524 (Βά.
1200 3459 1231 3520 3,
1255 3471 1295 3508 nr.
1313 3453 1403 3508 XXIa

224 3525 324 3578 meiner
341 3525 497 3593 Sammlung
523 3525 603 3578 nebat
627 3525 917 3593 Schlussanmerlrung).
954 3523 1109 3589 Bemheim,
1135 3524 1247 3579 welcher
1268 3525 1295 3579 in
1321 3525 1406 3579 asinar

223 3596 404 3665 abhandlung
428 3597 498 3662 „an
516 3593 611 3650 Gesch.
637 3595 684 3649 des
699 3596 835 3664 Wormser
853 3595 1053 3649 Konkordates“
1081 3595 1124 3649 die
1141 3595 1263 3664 Fassung
1284 3597 1321 3650 im
1340 3595 1403 3651 Cod.

222 3667 272 3721 Ud.
292 3667 336 3720 fur
353 3667 410 3720 eine
423 3666 596 3720 absichtliche
608 3666 758 3736 Filachung
777 3667 884 3732 erklirt,
904 3666 941 3719 ist
954 3665 1001 3719 der
1010 3665 1144 3736 hieiuung,
1158 3665 1236 3721 Ottos
1248 3685 1271 3722 v.
1285 3666 1407 3736 Freising

224 3737 419 3807 Anspielungsa
445 3738 493 3790 aul
513 3736 562 3790 das
585 3736 739 3791 Konkordat
763 3737 860 3792 finden
886 3737 915 3790 in
939 3736 986 3789 der
1015 3736 1145 3790 Kenntuis
1171 3737 1217 3791 des
1241 3737 1404 3806 gesalschten

226 3807 406 3861 Aktenstdclrs
424 3807 481 3861 ihre
497 3807 662 3877 Erhltrung3
681 3809 718 3862 im
729 3808 888 3862 Mittalalter
907 3807 944 3860 sei
963 3824 990 3860 os
1008 3807 1127 3862 beidam
1139 3808 1245 3877 Mangel
1265 3825 1299 3861 an
1317 3808 1406 3877 objelr-

227 3878 293 3931 tiver
311 3878 401 3931 Kritik
419 3878 508 3932 dblioh
526 3894 662 3946 genesen,
688 3897 737 3933 von
756 3879 818 3932 awei
843 3878 1045 3932 verschiedenan
1062 3879 1246 3932 tiberlielertsn
1265 3879 1406 3933 Bestimm·

224 3965 311 4017 angen
323 3949 453 4018 diejenige
466 3949 506 4002 als
516 3949 559 4003 die
570 3949 646 4002 echte
659 3950 845 4015 anaunehman,
858 3947 955 4003 welche
967 3965 1028 4002 man
1042 3966 1089 4003 aus
1102 3949 1268 4018 subislrtivcn
1280 3948 1404 4005 Grdnden

225 4019 266 4072 liar
279 4019 322 4073 die
339 4020 493 4087 genebmsta
510 4020 585 4073 hielt
613 4019 740 4074 Wolfram
759 4038 784 4076 a.
804 4037 827 4076 a.
847 4019 877 4075 0.
897 4020 964 4073 Beil.
984 4025 995 4073 1
1016 4020 1124 4074 vertritt
1142 4019 1184 4074 die
1202 4020 1324 4087 Anticht,
1344 4020 1406 4076 dass

225 4089 272 4142 der
290 4089 429 4144 Schreiber
446 4091 492 4144 dee
511 4090 636 4146 CodUd.
654 4108 705 4144 nar
722 4091 902 4159 beabaichtigt
920 4091 977 4156 hat,
996 4091 1072 4145 einen
1090 4092 1215 4145 kdraeren
1233 4091 1341 4160 husaug
1359 4091 1406 4147 der

227 4159 364 4229 Originale
382 4177 414 4214 zu
431 4162 524 4230 geben,
543 4179 568 4215 u.
587 4163 707 4216 verneint
725 4163 775 4217 den
788 4161 1016 4230 Zusammenhang
1035 4162 1082 4215 der
1094 4161 1193 4215 Stellen
1211 4163 1253 4217 bei
1273 4160 1336 4216 Otto
1355 4163 1407 4216 mit

227 4231 272 4284 der
290 4230 412 4300 Fassrrng
428 4233 466 4286 im
483 4231 546 4287 Cod.
565 4232 630 4299 Ud.;
650 4233 719 4287 nach
737 4234 792 4286 ihm
810 4233 859 4287 hat
877 4232 942 4287 Otto
962 4232 1003 4286 die
1022 4233 1097 4285 echte
1113 4232 1239 4287 Urlrunde
1258 4232 1319 4286 sehr
1337 4234 1406 4288 wohl

226 4302 350 4369 gehannt
370 4303 724 4373 alseihigerParteiginger
735 4303 898 4358 desKairers
917 4305 979 4357 aber
996 4319 1080 4372 gagen
1100 4303 1155 4357 sein
1173 4303 1405 4358 besserasWissen

227 4373 301 4426 einen
319 4373 412 4427 Inhalt
429 4375 588 4442 angegcben,
606 4375 655 4429 wie
672 4375 719 4428 ihn
738 4375 785 4428 der
795 4374 851 4427 Hos
866 4391 913 4427 zur
930 4373 1151 4442 Rechtiertigung
1170 4374 1215 4427 der
1234 4374 1407 4430 kaiserliohen

223 4442 323 4497 Politilr
341 4444 391 4497 den
410 4444 578 4499 Thatsachen
596 4449 739 4516 angepasst
756 4445 839 4498 hatte.
871 4445 924 4512 „Er
941 4445 1086 4515 behauptet
1102 4443 1132 4513 ja
1150 4444 1221 4498 dicae
1233 4444 1406 4500 Unwahrheit

226 4513 314 4580 nicht,
333 4531 362 4568 er
372 4515 433 4583 gibt
444 4532 494 4569 nur
505 4515 609 4582 wieder,
623 4532 677 4569 was
690 4533 739 4570 von
752 4515 799 4570 der
809 4515 969 4585 Umgebuug
979 4515 1128 4570 Friedriohs
1140 4515 1300 4586 gesprachen
1312 4516 1404 4571 wird.“
