3617 5284
1390 546 1436 611 99

252 710 396 794 rapinam
417 710 583 794 dupliciter
604 711 717 788 solvat,
739 711 887 777 beneficio
909 715 1021 790 careat,
1042 713 1102 778 nisi
1127 715 1246 778 iustitia
1268 718 1300 778 et
1321 715 1435 780 iudicio

253 797 391 861 dictante
413 796 491 860 illud
514 797 547 860 in
568 803 729 880 posterum
750 798 898 879 requirat.

342 887 369 946 7.
393 882 427 947 Si
449 887 514 947 1166
536 883 585 947 vel
606 884 712 966 plures
734 883 927 948 contendunt
948 884 986 947 de
1009 883 1116 948 ecdem
1139 885 1300 964 beneficio,
1322 887 1435 969 produ·

253 973 360 1032 sentes
388 971 523 1050 uterque
550 968 689 1033 diversos
717 969 931 1046 investitores,
960 969 1051 1033 iudex
1079 970 1111 1032 in
1142 971 1232 1034 cuius
1258 973 1436 1054 praesentia

253 1073 350 1118 causa
370 1054 554 1130 ventilatur,
584 1073 603 1118 a
630 1054 751 1120 duobus
779 1057 920 1136 requirat
948 1056 1021 1119 honi
1050 1055 1220 1120 testimonii
1248 1058 1434 1136 horninibus,

253 1141 287 1203 in
297 1141 453 1223 provincia
464 1141 632 1205 eorundem
644 1141 837 1222 litigatorum
848 1141 1120 1217 commorantibus,
1134 1161 1190 1224 per
1205 1147 1434 1208 sacramentum

253 1226 337 1307 qnod
357 1226 536 1302 iuraverint,
559 1226 629 1309 quis
642 1226 767 1290 illorum
783 1228 900 1307 absque
916 1227 1025 1310 rapina
1040 1227 1108 1290 eius
1123 1227 1262 1292 beneficii
1277 1249 1436 1312 possessor

253 1311 371 1388 extitit,
399 1316 432 1375 61
459 1313 585 1394 cognita
612 1331 649 1376 er
680 1313 820 1394 ipsomm
841 1312 1019 1376 testimonio
1041 1313 1084 1375 rei
1107 1316 1254 1390 veritate,
1276 1333 1434 1397 possessor

254 1397 436 1461 heneficium
458 1417 552 1461 suum
574 1397 678 1480 quiete
700 1399 853 1480 optineat,
882 1399 941 1462 nisi
964 1398 1076 1462 iudicio
1099 1403 1131 1462 et
1153 1399 1276 1464 iusticia
1297 1401 1433 1466 11616116

254 1483 334 1546 61161
354 1483 393 1546 16
414 1502 512 1547 manu
533 1503 592 1548 sua
612 1483 690 1548 illud
713 1483 832 1567 eripiat

340 1570 369 1632 8.
391 1568 425 1633 Si
437 1571 620 1633 rusticus
634 1568 802 1633 militem
816 1570 854 1632 de
871 1570 985 1634 violata
998 1587 1074 1652 pace
1089 1570 1270 1652 pulsaverit,
1285 1570 1323 1635 16
1338 1591 1433 1636 mauu

252 1673 312 1718 sna
331 1655 454 1732 iurabit,
476 1654 558 1737 quod
580 1675 643 1719 non
657 1655 825 1733 voluntate,
847 1659 896 1720 aet
918 1655 1102 1720 necessitate
1125 1656 1184 1720 hoc
1204 1655 1313 1732 faciat;
1336 1676 1433 1722 manu

253 1745 393 1822 quarta-r
415 1759 449 1804 se
470 1741 560 1804 miles
583 1741 808 1824 expurgabit*)

339 1827 368 1889 9.
381 1826 509 1892 Similes
520 1827 840 1890 rusticumdeviolata
849 1845 925 1909 pace
934 1826 1113 1909 pulsaverit,
1124 1827 1260 1891 rusticus
1272 1845 1368 1892 mauu
1377 1847 1434 1893 sua

252 1913 376 1988 iurabit,
388 1912 471 1993 quod
481 1932 544 1976 non
555 1913 724 1989 voluntate,
736 1914 784 1976 set
794 1911 968 1977 necessario
980 1913 1038 1976 hoc
1049 1911 1137 1986 fecit;
1151 1912 1189 1976 de
1201 1913 1322 1977 duobus
1335 1934 1433 1977 unum

252 1998 389 2062 rusticus
412 1999 520 2079 eligat,
543 2017 583 2062 an
605 1997 723 2075 divino,
753 2017 792 2061 an
815 1997 1088 2062 humauoindicic
1111 1999 1321 2063 innocentiam
1344 2018 1434 2064 snam

253 2084 406 2160 ostendat,
429 2086 485 2148 aut
499 2084 547 2147 hl)
562 2085 696 2149 testibus
710 2083 848 2167 ydoneis
870 2102 949 2165 quos
963 2083 1055 2147 iudex
1071 2085 1207 2165 elegerit,
1224 2103 1257 2148 66
1274 2091 1433 2167 expurget.

340 2170 389 2232 10.
419 2168 452 2234 Si
480 2168 571 2234 miles
599 2170 748 2234 adversus
774 2171 909 2234 militem
937 2188 993 2251 pro
1014 2187 1089 2254 pase
1113 2170 1227 2234 violata
1249 2177 1304 2233 ant
1327 2171 1434 2252 aliqua

253 2254 377 2337 capitali
399 2273 494 2319 cansa
515 2255 656 2320 duellum
678 2255 874 2320 committere
896 2256 1042 2332 voluerit,
1065 2255 1197 2320 facultas
1220 2256 1381 2338 pugnandi
1405 2257 1433 2320 ei

251 2360 315 2404 n0n
341 2337 542 2418 concedatur,
567 2343 629 2407 nisi
657 2343 786 2424 probare
813 2341 927 2423 possit,
956 2340 1037 2422 quod
1068 2341 1242 2423 antiquitus
1272 2341 1337 2424 ipse
1361 2361 1433 2406 cum

251 2426 433 2508 parentibus
455 2427 519 2490 suis
541 2429 667 2492 natione
687 2427 848 2508 legitimus
870 2427 961 2489 miles
984 2426 1104 2490 existat.

340 2515 388 2574 11.
415 2512 492 2576 Post
518 2515 622 2576 natale
652 2520 777 2576 sanetae
799 2512 918 2576 Mariae
946 2513 1163 2593 unusquisque
1190 2530 1293 2576 comes
1318 2517 1335 2576 7
1359 2513 1431 2578 honi

252 2597 422 2661 testimonii
431 2599 513 2663 viros
526 2599 583 2663 sibi
596 2599 698 2680 eligat,
710 2603 743 2662 et
753 2598 791 2662 de
804 2598 1108 2680 qualibetprovineia
1118 2598 1271 2679 sagaciter
1279 2597 1431 2681 disponat,

252 2685 531 2766 etquantopraetio
539 2685 710 2749 secundum
722 2684 908 2766 qualitatem
919 2685 1067 2766 temporis
1079 2684 1121 2746 sit
1132 2701 1255 2746 annona
1262 2684 1429 2762 vendenda,

252 2769 371 2833 utiliter
382 2769 556 2852 provideat3
568 2772 757 2853 quicumque
769 2789 840 2834 vero
852 2772 961 2833 contra
975 2769 1228 2833 deliberationem
1239 2769 1337 2852 ipsius
1348 2772 1431 2835 intra

252 2856 421 2919 terminum
451 2859 524 2920 anni
550 2857 689 2920 modium
716 2855 810 2919 altius
839 2862 871 2918 et
892 2855 995 2918 carius
1023 2854 1156 2919 rendere
1177 2857 1430 2939 praesumpserit,

250 2947 416 3023 tamquam
443 2942 574 3006 violator
594 2942 679 3025 pacis
700 2943 867 3018 habeatur,
896 2943 929 3004 et
956 2940 1087 3004 totidem
1109 2941 1177 3004 30⁰>
1200 2940 1295 3006 libras
1325 2943 1430 3006 comiti

251 3027 415 3108 persolvat,
437 3029 547 3109 quanti
568 3028 719 3092 modiosll
742 3027 837 3091 altius
859 3025 1034 3090 vendidisse
1056 3025 1215 3090 convietus
1237 3025 1393 3110 11611111)

340 3114 387 3174 12.
411 3110 446 3176 Si
461 3114 530 3195 quis
545 3115 682 3178 rusticus
698 3131 786 3176 arma
799 3113 849 3176 vel
863 3113 1003 3176 lanceam
1019 3112 1189 3194 portaverit
1208 3112 1259 3175 161
1281 3113 1427 3194 gladium,

250 3197 342 3261 iudex
364 3198 397 3260 in
418 3199 508 3262 cuins
528 3193 682 3282 potestate
704 3203 846 3281 repertus
867 3196 976 3274 fuerit,
1002 3198 1049 3261 vel
1072 3215 1159 3260 arma
1181 3198 1286 3275 tollat,
1316 3199 1365 3262 vel
1387 3201 1429 3262 20

251 3284 365 3348 solidos
387 3302 443 3366 pro
464 3285 540 3368 ipsis
562 3285 693 3368 accipiat
714 3303 734 3348 6
753 3283 955 3365 1161166.***)

340 3371 388 3433 13.
411 3370 564 3434 Mercator
586 3370 763 3452 negotiandi
787 3389 882 3434 causa
895 3387 952 3452 per
965 3367 1155 3452 provinciam
1177 3368 1340 3446 transiens,
1363 3371 1428 3451 gla-

251 3455 338 3518 dium
353 3474 446 3519 suum
463 3475 543 3520 suae
558 3457 652 3521 sellae
668 3455 782 3538 alliget,
801 3459 834 3520 et
840 3463 860 3504 θ)
876 3457 996 3538 supersi
1016 3454 1194 3518 vehiculum
1212 3473 1307 3518 suum
1323 3461 1428 3538 ponat,

250 3560 290 3604 ne
311 3559 465 3622 nmquam
484 3541 590 3606 laedat
610 3542 815 3620 innocentem,
837 3546 885 3605 set
908 3543 945 3604 ut
966 3559 999 3604 66
1022 3560 1041 3604 6
1062 3539 1216 3623 praedone
1239 3539 1392 3604 defendat.

340 3716 367 3778 al
378 3714 430 3767 mit
440 3715 495 3767 1161
505 3712 693 3766 Eidaaheliern.
712 3712 740 3777 b)
753 3710 776 3762 V
789 3715 820 3776 43
833 3710 893 3777 VII,
907 3715 933 3776 6,
946 3715 971 3777 7,
984 3715 1014 3774 ὃς
1027 3709 1065 3762 v1
1076 3709 1427 3777 walliamque,
1477 3749 1481 3756 .

250 3791 276 3853 7,
295 3791 321 3840 8.
353 3783 662 3849 dlnasiucmaldiosd,
680 3787 713 3847 83
732 3780 963 3836 mainernaldroa
982 3786 1007 3836 7.
1038 3787 1063 3844 e)
1077 3779 1118 3833 uel
1132 3785 1156 3846 5,
1169 3784 1194 3845 7,
1206 3784 1231 3834 8.
1261 3779 1382 3846 tlenbl,
1401 3785 1426 3836 8.

340 3857 366 3924 *l
383 3855 436 3908 1111
456 3854 544 3908 Recht
566 3853 657 3907 macht
679 3852 790 3906 Nitaach
813 3869 837 3905 a
856 3869 880 3905 a
900 3851 931 3904 Ο.
956 3850 1052 3904 darauf
1075 3849 1266 3916 animerlsam,
1291 3849 1352 3903 dass
1370 3851 1428 3904 hier

250 3927 285 3980 im
306 3925 454 3994 Gegeuaatr
473 3942 504 3978 au
524 3925 574 3978 den
592 3924 714 3977 friheren
731 3922 1010 3989 Friadenaordnuugeu
1030 3920 1105 3973 nieht
1122 3920 1197 3973 mehr
1214 3919 1340 3974 1111661166
1360 3920 1427 3974 liber

252 4015 276 4051 n.
288 4013 388 4063 6611116,
401 3995 514 4050 aondern
526 3994 654 4048 zwisalten
665 3993 740 4046 miles
753 4010 778 4046 u.
790 3992 905 4045 rusticus
920 3991 1120 4044 nntarschieden
1133 3990 1207 4044 1111.
1233 3990 1283 4042 Ein
1295 3990 1426 4044 hllhaches

251 4067 333 4121 aanor
353 4066 494 4121 dentaehcr
510 4064 697 4132 1616661636-
716 4081 740 4117 6.
759 4061 1083 4130 Wirtachaftagcachichte
1102 4061 1139 4114 ist
1157 4060 1241 4114 demit
1259 4061 1425 4128 angadeutet

250 4139 289 4206 ⁶⁸)
308 4137 385 4191 Nach
412 4135 583 4191 Giescbrccht
605 4137 642 4189 ist
664 4134 707 4187 die
730 4133 922 4200 merkwlirdige
940 4132 1125 4199 Bestimmnng
1148 4131 1215 4184 wohl
1235 4131 1354 4184 dadureh
1372 4149 1427 4186 161-

251 4209 353 4262 6116661
384 4206 503 4273 worden,
542 4206 605 4259 dass
644 4205 672 4258 in
703 4204 778 4272 jener
804 4203 863 4256 Zeit
888 4203 969 4256 111616
999 4201 1168 4266 Misswaelrs,
1203 4201 1365 4255 namentlieh
1397 4203 1425 4256 in

250 4279 407 4339 Schwahen,
432 4277 593 4344 eingetreten
620 4291 681 4330 war.
717 4274 828 4328 Nitaaeh
847 4291 870 4328 a.
889 4291 914 4327 a.
933 4272 979 4328 O.:
1012 4271 1427 4338 ,111611161616611116616166-

251 4349 326 4419 diget
343 4348 372 4402 in
390 4348 433 4402 die
452 4347 583 4414 darnulige
601 4345 668 4399 noch
686 4345 778 4398 immer
799 4343 950 4398 wesentlich
969 4342 1118 4396 hituerliehe
1136 4341 1235 4394 Kultur
1254 4341 1300 4394 der
1318 4343 1426 4409 Naticn,

253 4421 293 4474 ala
311 4419 384 4473 dieee
395 4417 604 4484 Basfimmungr‘
624 4416 682 4480 W)
693 4414 754 4484 Vgl.
767 4414 898 4481 Weiland‚
911 4413 961 4466 Die
973 4411 1206 4466 Boiohaheerlahrt
1218 4429 1240 4467 v.
1254 4411 1381 4466 Heinrich
1394 4413 1426 4467 V.

250 4491 292 4544 hia
309 4489 438 4544 Heinrich
456 4487 502 4542 VI.
521 4504 544 4543 6
564 4504 588 4541 a
607 4485 638 4541 0.
657 4485 684 4540 S.
705 4491 762 4540 138.
1219 4551 1258 4616 7*
