3617 5284
1393 476 1436 538 27

342 645 380 708 In
401 646 543 710 maninus
566 646 696 728 negotiis
725 646 867 710 maximis
889 647 1096 710 maximorum
1118 649 1168 710 est
1193 646 1327 710 consiliis
1350 665 1436 727 opus,

258 732 310 811 qni
326 734 358 794 ct
372 730 552 796 facultatem
567 733 702 797 habeant
714 731 856 808 exterius,
875 735 907 796 at
918 733 1077 796 voluntate
1088 751 1151 795 uon
1162 734 1287 795 caream
1296 730 1436 808 interius,

258 819 294 879 ut
313 815 358 880 rei
380 817 430 880 eui
452 817 529 882 bene
552 819 688 901 cupiunt,
710 819 787 882 bene
803 817 963 882 consulere
984 821 1016 881 ct
1033 818 1130 881 velint
1151 821 1182 880 et
1195 817 1322 900 possint
1355 815 1437 895 Quia

257 901 289 964 in
309 901 474 966 cuiuslibet
495 903 540 967 rei
554 907 708 986 provectu,
731 923 788 966 nec
802 903 934 966 facultas
950 903 1016 967 sine
1030 903 1199 979 voluntate,
1220 922 1278 966 neo
1292 902 1436 966 voluntas

258 987 324 1050 sine
346 986 494 1052 facultate
516 989 660 1072 proderit.
693 987 783 1067 Quod
797 991 968 1070 utrumque
989 994 1026 1052 tu
1047 988 1232 1065 fidehssime,
1256 991 1293 1052 ut
1306 987 1437 1052 arbitra·

257 1091 336 1148 mur,
359 1073 529 1154 aequaliter
550 1075 697 1158 possides,
718 1075 816 1138 velut
837 1074 939 1138 verius
962 1074 1110 1151 dicamus,
1132 1074 1204 1138 licet
1224 1073 1358 1138 maximo
1380 1073 1437 1137 tibi

257 1158 475 1222 maximenon
498 1159 579 1224 desit
599 1159 740 1236 facultas,
762 1161 859 1225 maior
881 1162 986 1223 tamen
1011 1159 1113 1224 adhuc
1130 1160 1266 1224 maxima
1280 1158 1436 1236 facultate,

258 1243 284 1306 si
299 1244 377 1308 bene
392 1246 422 1308 te
436 1245 587 1320 novimus,
611 1247 636 1309 si
650 1245 744 1308 fidem
758 1248 847 1309 tuam
868 1245 1032 1326 diligenter
1045 1245 1229 1321 notavimus,
1250 1245 1285 1308 in
1297 1249 1438 1308 nostram

258 1333 291 1392 et
317 1329 404 1410 regni
433 1330 602 1394 utilitatem
630 1332 686 1395 tibi
714 1332 861 1395 exuberat
890 1330 1043 1394 voluntas.
1076 1331 1123 1394 De
1151 1331 1324 1414 praeteritis
1354 1329 1437 1394 enim

259 1413 390 1478 fideliter
412 1415 554 1479 exhibitis
577 1416 608 1480 in
631 1417 744 1480 futuris
765 1417 874 1481 crescit
896 1435 967 1499 spes
988 1416 1109 1480 fidelius
1132 1416 1319 1480 exhibendis.
1352 1416 1437 1480 Tace

259 1503 367 1564 autem
387 1500 541 1565 dilectioni
564 1503 795 1579 committimus,
818 1521 857 1566 ne
880 1521 934 1584 spe
955 1506 1064 1566 nostra
1084 1502 1185 1567 minor
1206 1503 1248 1566 sit
1268 1502 1345 1566 fides
1366 1505 1436 1575 tua3

259 1586 333 1666 quia
355 1586 392 1649 de
408 1587 525 1650 nullius
540 1589 627 1669 regni
642 1588 815 1671 principum
838 1589 902 1669 [vel
918 1589 1146 1671 episcoporum]
1161 1588 1319 1664 fidelitate,
1342 1607 1438 1668 quam

259 1671 327 1754 [de]
351 1675 407 1736 tua
427 1673 545 1736 maiora
568 1693 737 1756 speramus
764 1674 845 1738 sicut
866 1675 1017 1738 hacteuus
1039 1693 1101 1738 non
1123 1674 1214 1738 modo
1236 1674 1268 1736 in
1290 1673 1438 1756 praeteri-

258 1761 363 1820 tarum
382 1777 487 1822 rerum
502 1759 695 1836 exhibitione,
717 1778 825 1823 verum
841 1760 936 1823 etiam
950 1759 983 1822 in
998 1759 1221 1842 sperandarum
1234 1759 1438 1842 promissione

260 1847 314 1906 tua
332 1843 444 1924 gravisi
458 1863 576 1908 sumus.
604 1845 690 1910 Assit
711 1845 807 1926 igitur
828 1845 940 1910 hocin
961 1848 1100 1928 tempore
1122 1848 1275 1927 oportuna
1293 1848 1350 1908 tua
1366 1864 1438 1908 cum

258 1928 405 1992 facultate
427 1930 578 2006 voluntas,
604 1950 699 2012 qnam
720 1951 781 1996 non
804 1931 894 1995 modo
917 1933 1030 2006 nostra,
1052 1951 1159 1995 verum
1182 1931 1276 1994 etiam
1298 1931 1438 1994 omnium

258 2014 506 2097 coepiscoporum
521 2016 714 2098 fratrumque
736 2019 870 2092 tuorum,
892 2016 988 2080 immo
1002 2016 1099 2080 totirm
1114 2034 1277 2099 oppressae
1292 2015 1438 2080 ecclesiae

259 2102 383 2182 exoptat
396 2102 574 2166 necessitas.
602 2101 674 2166 Non
697 2103 790 2166 etiam
812 2102 892 2166 hano
909 2101 1137 2184 oppressionem
1159 2102 1291 2184 ignoras,
1312 2104 1438 2166 tantum

259 2184 327 2248 vide
347 2204 387 2250 ne
409 2205 571 2269 oppressae
594 2188 739 2252 ecclesiae
757 2189 902 2252 solatium
918 2188 1093 2264 subtrahas
1114 2187 1168 2251 sed
1184 2206 1278 2270 reguo
1294 2191 1325 2251 et
1338 2206 1439 2261 sacar·
1518 2249 1521 2252 ⁴

259 2271 342 2335 dotio
364 2271 542 2336 condoleas:
566 2292 627 2354 quo
649 2276 782 2355 utroque
804 2274 884 2337 siout
904 2273 1067 2354 hucusque
1089 2273 1218 2338 ecclesia
1232 2276 1280 2337 est
1296 2273 1439 2349 exaltata,

258 2357 304 2420 ita
317 2376 401 2420 nunc
411 2357 473 2421 han
488 2359 670 2423 humiliatur
685 2362 817 2440 utaque
832 2358 966 2422 viduata
991 2359 1075 2422 Nam
1090 2378 1171 2422 unsis
1187 2359 1439 2439 dumutrumque

260 2441 320 2505 sibi
340 2443 523 2520 vendicavit,
550 2447 718 2526 utrumque
740 2444 911 2527 dissipavit,
939 2445 1050 2508 necin
1081 2464 1142 2509 uno
1169 2443 1297 2528 profuit,
1325 2444 1379 2524 qui
1406 2444 1439 2506 in

260 2531 368 2592 neutro
396 2529 541 2611 prodesse
563 2530 674 2606 voluit,
704 2550 761 2594 nec
782 2530 892 2613 potuit
925 2530 967 2595 Et
987 2550 1027 2593 ne
1050 2530 1167 2594 diutius
1193 2530 1293 2593 notati
1314 2529 1438 2593 nomine

256 2615 287 2678 te
321 2613 562 2696 suspendamus,
597 2617 698 2698 accipe
733 2635 826 2696 quem
859 2615 1005 2690 dicimus,
1037 2615 1285 2680 Hildebrandum
1313 2615 1438 2690 scilieet

256 2700 443 2763 monachum
465 2700 574 2764 habitu
596 2701 731 2783 quidem,
754 2701 871 2765 dictum
895 2701 1104 2784 apostolicum,
1126 2721 1188 2766 non
1210 2701 1342 2784 pastoris
1365 2719 1440 2764 cura

259 2784 313 2848 sed
334 2785 482 2850 invasoris
505 2787 648 2851 violantia
671 2787 854 2869 apostolicae
884 2787 950 2850 sedi
978 2788 1219 2870 praesidentem,
1248 2790 1281 2851 et
1305 2786 1343 2850 de
1366 2785 1439 2849 sede

258 2870 341 2952 pacis
364 2871 539 2948 cathohme,
561 2873 644 2955 pacis
666 2873 775 2937 unicae
797 2873 920 2936 vincula
941 2872 1158 2956 dissipantem,
1180 2877 1217 2936 ut
1239 2873 1360 2936 tibimet
1379 2871 1439 2954 ipsi

256 2957 288 3018 iu
305 2959 450 3039 promptu
466 2961 515 3021 est
530 2957 615 3022 scire.
637 2959 683 3024 Ut
698 2959 780 3022 enhu
795 2958 833 3022 de
848 2959 989 3040 pluribus
1004 2978 1102 3041 pauca
1113 2959 1291 3035 referamus,
1307 2977 1439 3038 regnum

257 3061 292 3105 ac
320 3043 525 3108 sacerdotium
554 3044 620 3109 Deo
651 3043 806 3108 nesciente
835 3044 892 3107 sibi
920 3045 1096 3127 usurpavit,
1113 3042 1158 3107 'in
1187 3063 1248 3125 quo
1275 3043 1360 3127 piam
1382 3043 1440 3106 Dei

258 3127 480 3192 ordinationem
503 3129 695 3212 contempsit
720 3149 799 3210 quaa
821 3149 882 3194 uon
905 3131 937 3192 in
959 3149 1022 3194 uuo
1044 3130 1099 3194 sed
1121 3130 1152 3192 in
1176 3129 1295 3193 duobus
1317 3129 1386 3204 duo,
1407 3128 1440 3192 id

259 3215 307 3276 est
320 3231 453 3294 regnum
465 3233 500 3278 ac
511 3214 725 3291 sacerdotium,
741 3215 949 3297 principaliter
963 3215 1130 3279 consistere
1142 3215 1254 3279 voluit:
1278 3215 1359 3278 mont
1373 3215 1439 3296 ipse

259 3299 400 3363 Salvator
421 3299 452 3362 in
471 3300 612 3382 passione
634 3321 691 3364 sua
706 3301 743 3364 de
759 3301 891 3365 duorum
907 3301 1080 3382 gladiorum
1098 3300 1283 3365 sufficientia
1303 3300 1439 3382 typica*)

256 3384 387 3466 intelligi
415 3385 524 3449 innuit
573 3385 631 3450 Cui
661 3407 733 3450 eum
759 3386 926 3451 diceretur:
962 3387 1039 3450 Ecce
1076 3387 1222 3463 Domine,
1255 3387 1316 3450 duo
1346 3384 1440 3466 gladii

258 3470 323 3533 hic!
346 3471 521 3553 respondit:
545 3472 620 3536 satis
636 3473 700 3536 est!
723 3472 899 3553 significans
915 3473 973 3536 hae
987 3471 1159 3536 sufficiente
1178 3472 1329 3535 dualitate
1352 3471 1440 3554 spiri-

258 3556 353 3620 talem
377 3559 408 3620 et
423 3559 578 3622 carnalem
594 3558 732 3639 gladium
745 3559 778 3621 in
794 3558 922 3622 ecclesia
936 3577 1004 3622 esse
1019 3558 1198 3640 gerendum,
1221 3558 1334 3640 quibus
1349 3576 1440 3621 omne

259 3641 402 3706 nocivum
429 3641 508 3706 foret
536 3643 778 3726 amputandum,
805 3643 948 3708 videhcet
971 3643 1153 3708 sacerdotali
1174 3643 1213 3706 ad
1234 3642 1440 3708 obedientiam

272 3791 469 3798 -Ἣ

258 3847 342 3917 Papst
360 3865 391 3901 au
410 3848 529 3915 erhebeu
559 3849 636 3903 sollte
655 3849 799 3918 Pfingstcn,
831 3855 871 3904 15.
890 3849 955 3914 Mai,
984 3851 1229 3912 zrxsammentroten,
1256 3853 1357 3904 musste
1377 3851 1440 3904 aber

259 3935 348 3986 wagan
368 3935 398 3971 zu
417 3920 539 3988 goringor
556 3919 708 3974 Teilnahmo
728 3920 889 3987 oufgegaben
907 3919 1018 3973 werdon.
1066 3918 1201 3973 Gonanere
1219 3921 1368 3989 Defierung
1394 3921 1440 3975 das

261 3989 415 4042 Schneibens
442 3990 480 4043 ist
496 3990 655 4058 unmoglich.
701 3990 748 4044 Bei
774 3991 820 4044 der
838 3990 910 4059 Sigle
930 3991 953 4042 A
976 3989 1072 4044 dachic
1090 3989 1230 4057 Urstisius‚
1257 3991 1374 4044 offonbar
1392 3993 1441 4044 irr-

260 4059 379 4124 tlimlich,
409 4076 442 4113 an
462 4061 545 4126 Anno,
573 4061 650 4114 Perta
679 4077 712 4114 an
731 4060 863 4114 Adalbero
891 4079 915 4115 v.
934 4060 1091 4129 Wlirnburg,
1120 4058 1292 4115 Giaaebrecht
1309 4061 1359 4128 IH,
1380 4066 1439 4116 ⁴372

261 4130 356 4183 nimmt
374 4131 473 4184 altwin
492 4149 515 4184 v.
535 4131 631 4184 Brixen
650 4147 691 4184 an.

349 4201 373 4268 *1
393 4201 418 4256 S.
437 4201 524 4255 Luhas
540 4201 628 4266 XXII,
647 4207 680 4256 34
690 4203 716 4257 ff.
737 4202 790 4256 und
808 4201 943 4255 Johannes
955 4201 1055 4268 XVIII,
1077 4205 1187 4256 10-11.
1208 4230 1241 4240 -
1259 4202 1324 4256 Dies
1342 4203 1379 4256 ist
1397 4203 1440 4257 dic

258 4275 328 4324 erate
346 4271 515 4340 Erwihnung
541 4272 587 4326 der
608 4272 692 4326 lehre
717 4290 766 4326 von
792 4272 841 4325 den
861 4272 923 4326 zuei
944 4271 1108 4326 Schwartern
1125 4272 1181 4326 und
1199 4289 1267 4326 avar
1286 4272 1324 4326 im
1343 4274 1440 4328 kaiser·

260 4341 345 4395 lichen
367 4341 453 4398 Sinna.
490 4343 544 4396 Dor
557 4343 714 4410 cigentlicba
724 4343 878 4412 Begrfmder
896 4342 943 4396 dar
959 4342 1205 4396 Schwartertbaorie
1222 4343 1259 4396 im
1274 4345 1440 4413 papsiliehen

262 4411 341 4465 Sinna
357 4412 395 4466 ist
416 4413 463 4466 der
480 4413 577 4481 heiliga
594 4413 731 4468 Bamhard
751 4433 773 4470 v.
793 4413 941 4470 Clairvaux.
