3617 5284
1362 565 1424 630 189

242 737 385 804 fortunae
400 739 565 806 saevientis
581 738 752 822 excipimus
772 738 806 803 in
827 737 972 803 manibus
993 737 1117 815 nostris,
1139 739 1172 802 et
1193 736 1290 802 oculis
1311 737 1427 818 iugiter

243 827 353 890 subest
365 825 504 890 continui
518 825 650 889 maaria
662 825 776 890 laboris
791 829 825 889 et
845 825 958 890 doloris
975 826 1007 888 et
1027 823 1184 888 moeroris.
1221 822 1292 888 Non
1314 823 1426 898 locum,

243 931 305 976 non
327 914 452 995 tempus
472 911 615 993 indulget
635 929 744 975 amara
769 930 835 975 sors
865 910 1001 974 laetitiae
1033 913 1088 974 aut
1110 909 1222 991 quieti,
1251 909 1301 973 vix
1323 908 1425 972 solatii

244 998 294 1062 rel
321 997 425 1062 tenuis
455 1017 528 1080 spes
549 996 743 1078 relinquitur.
788 995 851 1061 Sed
871 996 927 1060 illc
948 1014 968 1059 a
988 995 1136 1071 Domino,
1164 994 1191 1059 si
1213 993 1341 1076 quidem
1362 995 1425 1058 iam

244 1082 282 1147 de
310 1084 448 1148 humano
477 1083 660 1166 desperatur
681 1082 813 1156 anxilio;
840 1085 874 1146 et
893 1099 945 1145 me
968 1080 1095 1168 quidem
1116 1080 1162 1146 rei
1183 1079 1344 1144 familiaris
1366 1081 1425 1145 sub

243 1188 336 1234 onem
351 1169 443 1233 alieni
461 1169 540 1233 aeris
563 1171 596 1232 et
616 1168 852 1251 importunitate
869 1167 1058 1232 creditorum
1081 1169 1172 1248 urget
1193 1165 1347 1248 angustis,
1369 1165 1422 1230 sed

243 1255 324 1319 hanc
351 1254 579 1320 solicitudinem
607 1253 750 1336 denigrat
776 1272 913 1330 moeror,
943 1255 975 1316 et
1003 1251 1151 1334 quicquid
1178 1251 1336 1335 priuatum
1366 1253 1422 1326 ost,

243 1341 380 1423 impetus
409 1341 542 1406 fortioris
570 1343 604 1404 et
628 1339 743 1423 publici
768 1341 874 1403 metus
905 1339 1057 1404 absorbet
1109 1337 1214 1403 Sentis
1243 1338 1322 1421 ipse,
1351 1337 1426 1419 quid

243 1427 392 1500 sentiam
416 1426 498 1508 quod
518 1427 637 1507 loquor,
658 1425 804 1508 tibiipsi,
825 1428 863 1489 ut
884 1425 1023 1500 arbitror,
1045 1423 1111 1506 iugi
1132 1423 1333 1488 meditatione
1355 1442 1425 1506 pro·
1456 1463 1458 1470 ι

244 1512 387 1594 loqueris,
409 1515 442 1575 et
455 1513 612 1576 moestum
627 1511 822 1575 dicturientis
836 1512 967 1575 verbum
983 1512 1088 1574 mente
1109 1509 1271 1592 praevenis
1293 1509 1427 1573 cucum-

244 1600 357 1680 specta
400 1597 484 1661 Nam
513 1600 553 1694 ιιιἱ
572 1600 624 1673 tu,
653 1597 714 1661 nisi
740 1599 772 1660 te
801 1596 906 1679 ipsum
929 1595 1063 1671 exueris,
1094 1594 1170 1659 dum
1191 1595 1230 1659 de
1252 1594 1426 1659 communis

244 1683 360 1749 domini
374 1684 472 1747 nostri
487 1683 660 1748 solllcitaris
674 1682 863 1757 infirmitate,
885 1700 961 1746 cura
975 1681 1060 1762 vigili
1082 1683 1114 1746 et
1129 1680 1278 1745 continua
1292 1681 1426 1745 versaris

243 1770 276 1832 in
289 1769 447 1834 laboribus
462 1771 494 1833 et
508 1768 665 1834 doloribus
681 1767 810 1840 uostris;
833 1767 909 1831 dum
925 1766 1107 1832 universalis
1123 1767 1277 1843 ecclesias,
1301 1766 1424 1830 acuius

245 1856 389 1920 uberibus
405 1854 585 1930 coaluimus,
598 1854 771 1919 collisiones
787 1853 880 1929 vides,
896 1868 1025 1916 causam
1039 1871 1161 1935 pensas,
1184 1852 1321 1936 pericula
1335 1871 1423 1934 prae-

244 1941 372 2017 metiris,
394 1941 533 2006 dolorem
547 1940 645 2005 dolori
663 1939 768 2004 adiicit
782 1939 951 2017 meditatio,
974 1939 1119 2016 dolorem,
1143 1957 1237 2019 quem
1259 1937 1340 2002 ferre
1362 1957 1425 2002 non

244 2027 389 2091 sustines.
441 2027 479 2090 In
508 2027 557 2090 his
579 2029 685 2090 tamen
715 2025 859 2104 omnibus
885 2024 994 2088 mitius
1024 2024 1128 2105 agitur
1155 2027 1275 2101 mcum,
1303 2023 1357 2105 qui
1386 2022 1423 2088 ed

244 2132 368 2178 omnem
383 2132 493 2176 auram
508 2114 540 2176 et
554 2113 664 2176 horam
679 2114 711 2174 et
725 2111 765 2175 ad
780 2130 906 2176 omnem
929 2110 1089 2192 querelam
1111 2109 1246 2174 familiae
1269 2109 1426 2174 desolatae

243 2217 390 2281 praesens
404 2218 466 2263 non
482 2198 600 2280 cogeris
615 2197 811 2280 lachrymari,
833 2197 888 2278 qui
902 2195 1052 2260 liberioris
1068 2195 1250 2260 conditionis
1266 2194 1425 2260 fortunam

244 2287 363 2361 nactus,
385 2303 585 2366 nequaquam
607 2283 700 2347 ames
721 2283 779 2347 titi
801 2285 857 2346 aut
878 2281 1006 2346 exilium
1028 2281 1191 2346 imminere
1214 2283 1269 2346 aut
1290 2281 1424 2346 necessi-

242 2373 342 2435 tatem
362 2371 518 2454 piaculare
532 2369 687 2452 flagitium
702 2368 922 2433 committendi.
958 2367 1081 2448 Degis
1103 2367 1201 2431 enim
1223 2367 1294 2432 sub
1317 2367 1426 2450 prin-

244 2457 348 2624 cipp),
376 2456 491 2606 opius
519 2454 708 2605 mtemopia
736 2455 775 2518 in
803 2453 1058 2518 iucunditate
1082 2456 1120 2602 pit
1141 2452 1425 2602 benedi'ptiotne

244 2560 282 2606 es
425 2562 464 2607 os
494 2561 540 2605 au
569 2561 624 2605 em
667 2559 833 2604 rmemus
866 2559 912 2604 su
946 2558 988 2602 ra
1019 2559 1077 2603 mo
1113 2558 1185 2616 um,
1214 2557 1259 2602 ne
1311 2557 1355 2602 eu
1386 2557 1425 2602 o-

243 2627 358 2692 nicus
392 2629 605 2710 imperator
632 2558 1243 2691 circumveniatpfraudulentiis
1272 2625 1358 2689 suis
1388 2627 1426 2687 et

244 2715 448 2779 subvertat
476 2713 749 2778 serenitatem
776 2711 976 2794 principis
1013 2711 1221 2793 nostri;**)
1259 2710 1425 2774 mihitam

244 2819 356 2882 pamm
376 2800 500 2866 videtur
522 2800 635 2862 habere
657 2797 865 2874 discretionis,
895 2817 988 2879 quem
1011 2796 1285 2862 conventiculi
1307 2795 1426 2879 Papi·

244 2886 352 2950 ensis
390 2885 603 2969 praesumptio
642 2886 761 2961 movet,
795 2883 855 2948 nisi
884 2886 921 2947 ut
946 2882 1124 2959 Alexandri,
1168 2882 1195 2946 si
1225 2881 1295 2962 quis
1322 2881 1360 2946 de
1389 2900 1427 2945 ea

244 2971 374 3046 dubitet,
396 2971 506 3036 electio
528 2971 624 3034 etiam
645 2971 743 3052 partis
766 2968 958 3034 adversantis
980 2969 1157 3033 testimonio
1179 2967 1349 3032 roboretur.

328 3057 375 3122 Ut
385 3057 469 3122 enim
480 3056 688 3122 temeritatem
698 3055 782 3119 illius
794 3060 997 3138 praeteream,
1010 3054 1063 3135 qui
1071 3054 1246 3119 Romanam
1254 3053 1426 3128 ecclesiam,

244 3161 324 3224 qnae
346 3144 442 3208 solius
463 3142 588 3207 Domini
616 3145 794 3206 reservatur
820 3141 969 3216 examini,
995 3140 1132 3204 iudicare
1160 3139 1371 3236 praesumpsit
1393 3142 1426 3203 et

243 3223 1425 3396 taostlat,eseutalseattalaallatratu:

246 3402 315 3465 ciali
339 3401 494 3466 sententia
515 3400 650 3464 alterum
671 3399 784 3462 veteris
806 3397 897 3462 offici
913 3402 946 3462 et
959 3397 1120 3478 dignitatis
1135 3396 1268 3473 nomine,
1290 3397 1425 3461 alterum

244 3488 448 3571 appellatione
462 3485 596 3552 Romani
610 3484 765 3569 pontificis
780 3483 1018 3564 salutavit***)
1041 3482 1236 3548 senatoribus
1258 3486 1291 3546 et
1312 3483 1425 3565 populo

245 3642 348 3696 seheint
371 3658 400 3695 er
417 3642 515 3696 bcreits
532 3641 561 3694 in
577 3640 652 3709 jener
669 3640 728 3694 Zeit
745 3655 834 3709 wagan
852 3638 938 3693 seinos
956 3637 1208 3706 strenglxirchlichon
1227 3637 1426 3708 Staudpunktes

245 3728 302 3766 vom
320 3712 423 3781 Kdnige
449 3713 534 3766 seinor
550 3710 695 3765 Einlninlte
716 3711 830 3765 beraubt
851 3709 957 3764 worden
982 3726 1013 3763 au
1035 3709 1099 3764 sein.
1147 3708 1189 3762 Διι
1214 3708 1302 3762 seiueu
1320 3707 1425 3762 lreund

244 3781 347 3836 Raduls
367 3800 391 3838 ι.
410 3781 495 3836 Sertis
517 3799 566 3835 aus
583 3781 688 3835 lisieux
711 3781 772 3834 siud
789 3780 908 3835 mehrsre
925 3780 1021 3834 audere
1039 3779 1086 3834 der
1102 3779 1256 3834 erhaltensn
1273 3778 1362 3832 Briefs
1380 3795 1424 3847 ge·

244 3852 348 3908 richtot.
368 3858 393 3915 a)
404 3852 553 3907 Wetterich
570 3854 714 3906 conmutat:
732 3855 761 3905 et
778 3851 824 3922 qui
841 3868 902 3904 urm
914 3851 1009 3906 luisset
1020 3841 1164 3919 (Ubrigens
1175 3849 1213 3903 ist
1227 3847 1363 3902 Friedrich
1375 3865 1426 3902 ron

244 3921 365 4023 Hadripn
377 3923 423 3978 IV.
441 3923 517 4006 nicht
527 3922 907 4009 1ιιιὶοιιιιιιιιιιὶιὶιιήΙνιοιιίιιιι).
926 3921 974 3974 lou
992 3923 1123 4003 vermpte:
1144 3918 1424 4045 etpbcommnnieatnmu.

245 3991 1170 4145 derselbg,offlffeirlrlciclffoffiggfflfflanwoffonpfrtssffifflnder
1188 3988 1426 4116 {lgenesrkligsstsful}

245 4135 291 4189 der
311 4134 415 4236 {pnode
432 4133 614 4216 anfl'oulouse,
636 4133 734 4188 ualdus
753 4132 970 4215 wahrschernlroh
992 4133 1072 4186 mete
1094 4132 1167 4186 Mara
1193 4135 1258 4186 1161
1284 4130 1426 4186 ststtlsnd.

301 4206 358 4346 „l
371 4205 434 4358 {a
441 4201 1376 4356 armametres-aeterternae,
1385 4270 1425 4336 11,

245 4351 312 4414 4583
331 4347 408 4400 darm
425 4347 465 4399 nst
481 4345 629 4399 Alexander
646 4345 791 4414 allerdings
808 4345 849 4398 als
866 4344 996 4398 Kardsnal
1014 4343 1119 4397 Roland
1139 4340 1341 4412 angesprochen.
1369 4341 1425 4395 Das

244 4415 512 4472 Gitah‘onsschreiben
522 4431 557 4469 an
569 4415 663 4469 Viktor
675 4416 713 4469 ist
724 4415 800 4469 nicht
809 4416 885 4470 mehr
898 4415 1034 4480 erhalten;
1051 4415 1084 4468 eb
1100 4414 1147 4467 der
1160 4413 1218 4466 [ibri
1296 4411 1365 4466 aucti
1377 4429 1425 4466 run

244 4488 344 4542 andern
350 4487 559 4542 Alexandrinam
565 4485 704 4554 gemachte
710 4485 832 4540 Vorwurl
836 4485 986 4554 begrdudet
994 4485 1039 4552 ist,
1047 4485 1084 4538 ist
1092 4483 1175 4538 daher
1181 4484 1224 4537 nic
1243 4481 1427 4536 tlontrollior-
