3617 5284
1425 541 1445 608 9

271 719 423 796 quantum
456 717 488 780 in
521 716 609 780 nobis
638 715 706 792 ruit,
740 734 798 779 sua
826 715 1045 798 propitiatione
1074 714 1209 778 donavit.
1254 713 1344 779 Certe
1366 715 1446 778 nulli

270 803 380 866 merito
396 803 477 867 circa
491 821 618 868 uxorem
633 802 738 885 purior
753 800 830 865 fides
853 804 884 864 et
904 820 991 864 amor
1007 800 1171 876 ardentior,
1194 819 1290 882 quam
1312 801 1393 865 circa
1414 804 1446 864 te

269 889 373 952 uobis:
408 908 465 953 nec
500 908 640 970 unquam
663 887 712 952 vel
738 887 771 950 iu
799 890 938 951 mentem
967 887 1059 962 vonit,
1093 889 1124 949 te
1148 886 1318 950 destituere
1342 890 1374 950 et
1395 887 1447 950 alii

271 973 424 1038 adherere.
473 974 533 1038 Sed
555 974 658 1038 nescio
681 991 741 1054 quo
764 972 867 1037 divino
892 973 1017 1037 consilio
1041 972 1150 1046 evenit,
1174 991 1235 1053 qno
1256 973 1351 1036 matri
1373 975 1448 1036 tuae

270 1060 471 1142 omniumque
494 1059 694 1125 ecclesiarum
718 1057 910 1123 consociarer
932 1061 964 1122 et
986 1057 1102 1140 aliquid
1124 1060 1306 1122 nontamen
1322 1059 1447 1122 omnino

273 1164 291 1207 a
319 1149 350 1208 to
380 1164 512 1228 separer.
555 1145 635 1209 Enoc
663 1145 758 1227 igitur
788 1164 860 1209 oum
882 1144 960 1208 illud
983 1147 1077 1226 caput
1098 1143 1207 1206 mundi
1229 1143 1284 1206 illa
1306 1145 1448 1208 Romana

270 1231 358 1294 sedes
382 1232 538 1295 haeretico
559 1231 666 1295 morbo
689 1232 851 1306 laboraret
886 1232 919 1294 et
946 1229 1098 1294 carissimi
1124 1229 1179 1292 filii
1210 1230 1308 1294 nostri
1331 1229 1447 1294 domiui

270 1317 309 1378 H.
331 1317 526 1399 imperatoris
549 1316 683 1398 Augusti
714 1317 871 1400 prasentia
898 1316 938 1379 ad
966 1317 1024 1380 hoc
1052 1315 1236 1396 invigilaret,
1260 1315 1298 1378 ad
1322 1317 1380 1380 hoo
1402 1316 1448 1379 in·
1554 1318 1559 1336 '

271 1405 376 1476 staret,
399 1406 435 1466 ut
450 1403 628 1466 huiusmodi
644 1402 870 1484 aegritudinem
885 1402 1090 1484 propulsaret,
1114 1401 1246 1485 explosis
1262 1402 1361 1465 tribus
1377 1402 1448 1474 illis

272 1487 384 1569 quibus
415 1488 499 1552 idem
530 1507 644 1552 nomen
672 1492 806 1572 papatus
828 1487 939 1569 rapina
960 1487 1101 1560 dederat,
1134 1488 1215 1550 inter
1244 1489 1293 1551 tot
1323 1488 1448 1569 agmina

272 1575 467 1650 sanctorum,
500 1575 554 1655 qui
588 1573 734 1651 aderant,
767 1576 910 1656 patrum,
944 1573 1123 1654 dignatione
1154 1573 1296 1636 caelestis
1329 1572 1447 1654 gratiae

270 1662 410 1723 nostram
428 1658 677 1741 indignissimam
690 1659 945 1735 mediocritatem,
968 1659 1087 1723 cunctis
1102 1658 1222 1722 nisibus
1237 1657 1447 1740 refragantem

271 1743 371 1808 voluit
399 1745 484 1826 eligi,
517 1749 549 1809 et
580 1745 724 1809 altissimi
752 1745 963 1828 apostolorum
993 1744 1141 1827 principis
1168 1744 1234 1807 vice
1263 1743 1361 1825 iungi.
1406 1745 1449 1808 Et

273 1831 396 1894 vulsum
418 1850 468 1894 me
491 1834 567 1895 tunc
589 1850 607 1895 a
628 1835 682 1895 tuo
705 1831 883 1912 gratissimo
905 1831 1011 1903 latero,
1033 1828 1214 1893 dulcissima
1233 1848 1355 1911 sponsa,
1379 1830 1449 1911 quis

272 1915 357 1980 dolor
390 1916 641 1999 apprehenderit,
676 1917 745 1999 quis
773 1935 895 1980 moeror
923 1915 1101 1990 confecerit,
1136 1934 1197 1996 quo
1224 1915 1327 1979 nescio
1357 1919 1447 1998 pacto

272 2001 363 2065 liceat
385 2002 522 2085 exprimi,
546 2021 617 2066 oum
639 2003 727 2066 nobis
751 2021 875 2066 omnem
890 2001 1019 2066 modurn
1033 2001 1155 2065 videtur
1170 2000 1353 2082 transgredi,
1377 2003 1447 2084 plus

272 2087 404 2164 honoris,
431 2089 503 2171 plus
525 2088 651 2165 decoris,
684 2089 818 2172 plusque
840 2088 953 2152 virium
977 2087 1070 2150 matri
1093 2105 1188 2167 quarn
1210 2087 1308 2161 filiae,
1338 2091 1446 2168 utpote

272 2173 320 2236 oui
356 2193 445 2238 omno
479 2193 561 2256 genn
594 2174 790 2238 terrestrium
821 2173 975 2245 flectitur3
1008 2191 1063 2256 pro
1097 2172 1186 2236 cuius
1216 2173 1341 2236 arbitrio
1371 2173 1447 2236 coeli

273 2258 366 2322 ianua
389 2261 526 2342 aperitur
549 2261 580 2324 et
602 2260 776 2333 clauditur:
801 2259 949 2324 adversus
972 2277 1068 2340 quam
1089 2277 1147 2322 neo
1165 2261 1273 2341 portae
1288 2259 1449 2341 prevalent

272 2344 458 2418 inferorum
486 2365 548 2410 non
576 2348 682 2410 tamen
712 2349 819 2410 tantae
845 2345 1066 2410 dominationis
1088 2343 1199 2425 cupido
1221 2344 1301 2408 ostio
1323 2348 1447 2408 nostrae

273 2431 386 2495 mentis
409 2431 540 2514 irrepsit,
564 2431 725 2513 cordisque
748 2433 897 2496 cervicem
920 2431 1052 2494 libenter
1072 2429 1199 2493 inflexit.

359 2517 442 2581 Satis
455 2517 543 2581 nobis
561 2522 644 2581 erat:
666 2517 800 2582 activam
825 2518 912 2591 benc,
930 2516 1203 2599 contemplativam
1217 2535 1340 2597 quoquo
1358 2516 1448 2580 modo

272 2601 462 2667 ducebamus
485 2603 594 2680 vitam,
622 2603 804 2686 praesertim
826 2621 898 2666 oum
921 2603 1075 2686 perfectus
1099 2620 1185 2665 amor
1206 2620 1265 2665 nec
1286 2601 1448 2684 speciano

273 2687 402 2752 alterius
424 2707 573 2769 unquam,
596 2707 654 2754 uec
674 2688 834 2753 intueatur
856 2687 1080 2771 opulentiaml’l
1129 2687 1255 2751 Testem
1268 2687 1449 2752 invocamus

274 2773 371 2837 aciem
394 2773 539 2850 (lisinam,
561 2793 623 2838 nou
644 2773 845 2838 commentari
859 2792 917 2837 nos
934 2773 1115 2856 apologiam.
1158 2772 1218 2836 Illa
1233 2773 1315 2836 enim
1331 2775 1451 2837 secreta

274 2858 373 2922 cordis
403 2859 543 2935 rimatur,
576 2859 625 2924 cni
653 2860 741 2922 nulla
766 2877 827 2923 nox
854 2858 1084 2924 obtenebratur.
1127 2857 1188 2922 Pro
1215 2860 1296 2922 teste
1327 2877 1450 2940 quoque

275 2943 394 3008 utimur
407 2945 477 3027 ipsa
492 2945 686 3019 conscientia,
702 2945 755 3008 nbi
770 2947 827 3007 tua
842 2947 890 3008 est
905 2943 1078 3008 sollicitudo
1092 2943 1246 3007 continua.
1268 2943 1451 3008 Interiorem

274 3029 425 3112 pupillam
452 3049 536 3094 nuno
565 3033 653 3094 tanta
685 3034 840 3094 terrarum
869 3029 1064 3112 spaciositas,
1091 3048 1176 3093 nunc
1204 3032 1251 3092 tot
1279 3028 1451 3093 retundunt

273 3115 427 3197 opposita,
457 3115 532 3196 quin
556 3117 689 3180 audeam
711 3133 827 3191 meam,
857 3134 994 3179 sororem
1021 3133 1139 3191 meam,
1169 3133 1316 3197 sponsam
1338 3134 1451 3190 meam,

273 3201 448 3264 columbam
464 3220 575 3277 meam,
591 3201 776 3283 diligentiori
792 3210 867 3264 cura
882 3200 1136 3283 circumspiciam,
1153 3203 1185 3264 et
1197 3201 1333 3281 undique
1348 3200 1451 3264 mnni-

272 3289 338 3350 tam
354 3287 473 3350 faciam.
511 3287 700 3352 Concessum
716 3291 764 3350 est
785 3287 872 3350 nobis
894 3285 1042 3350 divinitus
1064 3305 1126 3349 non
1141 3305 1178 3350 ex
1191 3287 1307 3350 nostris
1321 3286 1450 3361 meritis,

273 3371 393 3436 utiam
416 3372 557 3448 diximus,
578 3373 628 3438 ins
650 3373 727 3436 illud
755 3372 966 3455 apostolicum.
990 3371 1072 3453 qnod
1095 3375 1127 3435 et
1149 3372 1241 3436 coelis
1263 3372 1397 3455 imperat
1420 3376 1451 3436 et

273 3457 373 3533 terris,
403 3458 485 3522 unde
508 3459 638 3540 dignum
661 3458 805 3523 duximus
827 3463 860 3521 et
882 3457 1117 3521 accommodum
1139 3457 1331 3521 decrevimus
1354 3461 1392 3520 ut
1413 3457 1451 3521 de

272 3542 411 3626 proiectu
426 3547 531 3609 nostro
547 3549 583 3608 tn
606 3563 729 3626 qnoque
743 3543 893 3627 proficias,
917 3546 949 3607 et
963 3542 1034 3607 inde
1048 3542 1106 3606 tibi
1122 3542 1255 3626 amplius
1271 3544 1452 3607 consulatur

273 3629 355 3692 unde
370 3629 438 3712 ipsa
452 3632 590 3713 potestas
605 3631 692 3694 nobis
709 3629 885 3712 ampliatur.
913 3629 989 3692 Piae
1010 3627 1230 3692 recordationis
1252 3628 1396 3693 dominns
1411 3628 1450 3691 H.

274 3713 442 3797 imperator
463 3719 627 3796 Augustus
649 3719 680 3779 te
702 3715 853 3791 fundavit,
876 3717 909 3778 te
932 3714 1035 3790 erexit,
1056 3716 1089 3778 te
1112 3716 1143 3777 et
1164 3714 1197 3776 in
1213 3715 1313 3777 altum
1327 3715 1451 3778 culmen

273 3800 388 3864 evexit:
407 3820 467 3881 quo
483 3802 630 3885 supplice,
645 3799 874 3884 inexpugnabili
886 3818 976 3863 muro
992 3802 1025 3862 et
1037 3801 1278 3882 propugnaculis
1294 3800 1452 3883 apostolici

274 3886 454 3950 muniminis
471 3886 617 3951 adversus
633 3906 739 3951 omnes
755 3886 866 3969 impias
881 3904 994 3949 manus
1006 3885 1220 3968 praevalentes
1232 3886 1309 3948 bene
1322 3886 1453 3949 circum-

273 3972 390 4035 vallata
404 3991 437 4036 es
452 3991 507 4055 per
519 3973 770 4056 praedecessores
782 3975 904 4035 nostros
915 3971 1093 4035 dohannem
1105 3971 1222 4034 scilicet
1234 3971 1317 4033 XIV.
1328 3989 1452 4054 papam,

274 4059 305 4120 et
327 4057 538 4121 Benedictum.
591 4058 678 4137 Quod
707 4061 738 4121 ot
760 4057 843 4121 idem
871 4076 929 4121 nos
955 4056 1056 4121 facere
1085 4056 1244 4138 cupientes
1274 4059 1311 4119 nt
1339 4056 1451 4140 triplici

275 4141 404 4206 tuitione
434 4143 652 4208 circumcincta
687 4163 742 4227 por
772 4144 920 4206 virtutem
953 4142 983 4206 S.
1005 4141 1166 4205 Trinitatis
1201 4141 1277 4205 nibil
1311 4160 1452 4224 unquam

274 4246 386 4310 paveas
415 4229 572 4305 laesionis,
602 4230 681 4293 nibil
711 4247 851 4310 unquam
880 4229 919 4292 ab
947 4228 1051 4309 aliquo
1073 4227 1314 4303 molestationis,
1343 4246 1453 4292 secura

274 4333 395 4396 semper
411 4317 442 4378 et
457 4317 564 4396 quiete
578 4334 705 4379 maneas
721 4315 753 4378 in
765 4315 844 4391 filiis,
860 4317 892 4377 ot
905 4314 1028 4378 filiabus
1041 4313 1112 4389 tuis,
1129 4332 1251 4396 semper
1262 4312 1328 4377 Deo
1344 4313 1453 4377 devote

282 4445 481 4452 ----.-—.

362 4507 388 4576 a)
407 4506 497 4560 Mami
514 4506 564 4559 hat
584 4505 690 4575 species.
727 4506 755 4575 b)
772 4505 868 4572 Mami,
887 4505 1029 4575 opulentia.
