3617 5284
373 532 416 594 22

374 700 1114 783 viciumsacramentonobisobligati.
1150 700 1236 780 Quos
1251 703 1433 765 tamennon
1448 700 1553 764 minus

375 787 430 851 tibi
454 787 606 868 obligatos
628 789 687 851 sub
708 787 768 850 hac
790 787 912 850 cautela
934 792 965 850 et
986 786 1162 851 condicione
1184 786 1376 870 recepimus:
1399 789 1436 849 ιιι
1457 785 1554 869 pleni·

338 929 345 934 .
373 873 516 937 tudinem
533 872 734 937 absolutionis
750 891 805 937 sue
820 890 883 935 ncn
893 871 955 936 nisi
968 875 1044 956 aput
1054 875 1142 936 tuam
1153 873 1375 956 paternitatem
1386 871 1553 935 obtineant.

460 959 512 1022 Ita
544 959 689 1023 omnibus
719 977 774 1042 pro
803 961 875 1022 voto
903 958 1096 1040 compositis,
1124 958 1249 1022 omuino
1279 957 1319 1021 ad
1340 957 1554 1022 liberationem

376 1045 487 1108 eclesie
515 1063 656 1108 essemus
689 1043 831 1126 obligati,
866 1043 892 1136 si
919 1043 1174 1108 Helberstadensi
1204 1043 1314 1108 eclesie
1342 1043 1454 1108 melius
1482 1061 1554 1107 een·

375 1131 496 1194 cultum
519 1133 612 1194 esset

464 1215 565 1299 Super
598 1214 687 1280 cuius
718 1213 845 1295 negocio
879 1213 984 1297 sepius
1017 1215 1075 1278 hoo
1108 1232 1188 1279 anno
1215 1214 1342 1278 nuntios
1373 1216 1405 1278 et
1433 1214 1554 1278 litteras

376 1304 500 1365 nostras
515 1301 572 1365 tibi
586 1300 771 1373 direximus;
793 1300 964 1382 inquibus,
986 1303 1066 1364 teste
1080 1299 1156 1376 Deo,
1178 1299 1222 1364 nil
1243 1300 1303 1364 nisi
1325 1301 1369 1364 rei
1391 1301 1556 1364 veritatem

375 1389 409 1450 et
435 1386 577 1452 ordinem
604 1385 724 1450 executi
754 1404 879 1463 sumus,
905 1385 1030 1449 omnino
1053 1386 1134 1450 circa
1155 1386 1213 1451 hoc
1233 1385 1358 1462 intenti,
1387 1388 1425 1449 ut
1446 1403 1555 1468 pacem

377 1476 409 1536 et
438 1471 635 1536 concordiam
664 1471 765 1536 eidem
794 1471 1034 1536 reformaremus
1062 1471 1179 1536 eclesie.
1225 1470 1367 1550 Qualiter
1396 1471 1554 1535 autemid

377 1557 507 1639 quidam
528 1557 695 1621 mendatiis
718 1557 783 1621 suis
805 1557 1011 1640 perverterint
1038 1559 1132 1639 teque
1156 1576 1174 1621 a
1194 1557 1320 1621 consilio
1342 1560 1447 1620 nostro
1470 1575 1556 1620 arer-

378 1643 488 1719 terint,
520 1645 631 1708 iterate
653 1642 710 1707 tibi
732 1643 823 1707 scribi
844 1661 907 1707 non
929 1645 1058 1727 oportet
1101 1642 1169 1707 Hoc
1197 1647 1303 1706 tamen
1325 1662 1380 1725 pro
1402 1641 1555 1707 constanti

376 1728 433 1793 tibi
462 1728 690 1813 promittimus,
719 1728 803 1810 quod
832 1747 936 1793 coram
965 1728 1077 1792 eclesia
1098 1728 1241 1792 Romana
1267 1729 1300 1792 in
1321 1728 1479 1812 presentia
1500 1731 1556 1792 tua

376 1815 443 1878 rita
472 1814 585 1879 comite
612 1814 770 1879 evidenter
801 1813 1018 1897 probabimus,
1050 1813 1155 1878 omnia
1184 1833 1217 1878 se
1245 1814 1290 1878 ita
1318 1813 1446 1890 habere,
1475 1814 1556 1878 sicut

379 1900 491 1964 nuncio
520 1903 626 1965 nostro
650 1905 682 1964 et
702 1899 814 1964 litteris
835 1899 892 1964 libi
914 1899 1164 1982 significavimus.
1207 1899 1274 1964 Neo
1295 1901 1400 1964 tamen
1423 1899 1462 1964 ob
1484 1917 1556 1964 oon-

378 1989 534 2069 temptum
564 1984 684 2050 consilii
711 1985 809 2049 nostri
831 1985 936 2049 minus
958 1984 1124 2062 vellemus,
1150 1985 1177 2050 si
1198 2004 1260 2067 quo
1283 1985 1374 2051 modo
1396 1985 1501 2049 unitas
1524 1988 1556 2049 et

378 2071 540 2136 concordia
554 2070 716 2135 reformari
730 2070 890 2154 potuisset
922 2069 1067 2151 Satisque
1089 2073 1173 2153 passi
1196 2071 1373 2148 fuissemus,
1396 2071 1422 2135 si
1443 2071 1475 2135 in
1498 2071 1556 2135 hcc

378 2157 460 2222 melo
483 2157 595 2239 aliquis
618 2175 694 2221 usus
716 2155 836 2220 fuisset
879 2155 969 2234 Quod
992 2156 1084 2238 longe
1107 2157 1197 2221 aliter
1218 2160 1274 2220 est

463 2242 549 2306 Dum
571 2241 655 2307 enim
677 2241 849 2307 secundum
870 2242 1068 2324 paternitatis
1091 2246 1145 2306 tue
1166 2243 1348 2326 preceptum
1371 2242 1482 2306 eclesia
1502 2241 1556 2305 illa

376 2328 410 2392 in
440 2327 582 2410 eligenda
610 2346 743 2411 persona
771 2328 933 2391 convenire
962 2327 1120 2392 debuisset
1149 2333 1216 2392 tam
1252 2328 1363 2392 eclesie
1391 2345 1486 2409 quam
1507 2328 1556 2390 in-

377 2413 462 2498 perio
494 2413 618 2482 idonea,
651 2414 713 2477 due
745 2416 850 2496 partes
885 2413 966 2478 facte
1001 2417 1083 2477 sunt
1138 2413 1222 2478 Nam
1252 2413 1389 2478 canonici
1418 2414 1556 2476 matricis

381 2499 491 2564 eclesie
518 2500 702 2565 electionem
728 2499 767 2562 de
788 2499 925 2563 Martiae
947 2499 1102 2583 preposito
1124 2499 1303 2564 —factam
1326 2499 1492 2580 aliquando
1515 2537 1555 2543 —

381 2586 595 2669 proponebant
615 2587 759 2667 hancque
781 2603 903 2660 omnes,
932 2585 1066 2668 exceptis
1090 2588 1237 2667 quatuor,
1266 2585 1454 2649 unanimiter
1476 2583 1558 2648 affir-

380 2672 526 2746 mabant,
558 2676 621 2736 tres
646 2673 773 2734 tantum
796 2669 873 2733 alias
895 2689 1044 2753 personas
1068 2671 1205 2735 eiusdem
1229 2671 1355 2736 ecclesie
1378 2669 1559 2734 secundario

380 2757 592 2837 designantes,
614 2759 665 2826 ut.
692 2757 719 2820 si
741 2755 834 2819 huius
858 2756 1003 2821 canonice
1024 2756 1207 2833 reiceretur,
1235 2775 1332 2820 unmn
1353 2756 1486 2819 istarum
1508 2757 1562 2820 ob-

380 2843 522 2906 tinerent
565 2843 737 2925 Regulares
758 2859 840 2918 rere,
861 2841 983 2904 nullam
1005 2841 1138 2906 istarum
1160 2843 1375 2926 approbantes,
1398 2861 1559 2906 assensum

381 2929 430 2992 his
457 2946 519 2991 non
548 2929 747 3012 prebuerunt
792 2925 907 3008 Sicquc
940 2927 1096 2992 communi
1129 2927 1293 3010 utriusque
1316 2928 1414 3011 partis
1436 2927 1562 2991 consilio

383 3013 565 3078 electionem
586 3014 619 3078 in
641 3017 823 3096 sequentem
846 3012 929 3076 diem
952 3013 1148 3077 distulerunt

467 3099 601 3164 Interim
622 3100 790 3181 regulares,
813 3099 971 3164 advocatis
986 3102 1122 3180 quatuor
1138 3097 1219 3162 sieut
1234 3097 1369 3162 diximus
1392 3097 1430 3161 de
1451 3097 1560 3161 maiori

382 3185 510 3261 eclesia,
539 3185 736 3250 Gerhardum
763 3184 958 3268 prepositum
982 3184 1164 3266 elegerunt3
1194 3185 1275 3248 clerc
1298 3186 1330 3248 et
1351 3185 1464 3268 populo
1488 3183 1563 3248 alte·

382 3270 448 3334 rius
474 3271 573 3352 partis
600 3271 697 3335 invito
726 3273 758 3333 et
785 3270 975 3334 reclamante
999 3273 1031 3333 et
1053 3270 1227 3353 appellante
1250 3269 1452 3352 apostolicam
1474 3269 1563 3333 audi-

383 3356 501 3420 entiam
523 3356 581 3420 sub
604 3355 782 3420 testimonio
804 3355 950 3420 canonice
972 3375 1118 3430 censure,
1149 3375 1210 3438 que
1232 3355 1320 3420 iubet
1341 3355 1435 3420 nullis
1458 3353 1563 3419 invilla

383 3442 449 3506 dari
472 3439 651 3525 episcopum
673 3442 722 3506 vel
743 3446 909 3524 pastorem.

469 3526 554 3606 Quia
582 3546 653 3592 vero
681 3528 714 3590 in
742 3527 884 3609 partibus
914 3526 1045 3591 Saxonis
1074 3526 1207 3591 manime
1236 3526 1267 3590 in
1300 3527 1421 3610 prelata
1453 3525 1565 3590 eclesia

385 3613 545 3696 inperialis
572 3612 709 3695 dignitas
736 3612 892 3687 consistit,
922 3611 1033 3676 saltem
1062 3612 1163 3676 adhue
1190 3613 1360 3696 paternitas
1390 3615 1446 3675 tua
1474 3611 1564 3676 nobis

384 3698 583 3779 adquiescat3
613 3701 645 3762 et
668 3697 775 3762 audita
796 3702 931 3780 utraque
952 3700 1049 3780 parte,
1070 3697 1116 3761 ita
1137 3699 1225 3762 nobis
1248 3717 1300 3762 eos
1322 3698 1483 3772 remittas,
1506 3701 1564 3772 ut,

278 3809 290 3817 ·
384 3785 497 3849 salva
529 3783 717 3848 libertate
751 3783 982 3860 electionis,
1018 3801 1087 3846 nos
1120 3803 1189 3866 pro
1222 3784 1397 3850 oonsilio
1432 3782 1565 3846 arohi-

383 3869 560 3953 episoopi
581 3872 620 3933 et
641 3869 1009 3951 suffraganeorum,
1033 3866 1233 3934 adhibitis
1254 3868 1566 3951 religiosisper·

384 3956 511 4032 sonis,
534 3955 655 4019 talem
677 3954 976 4038 provideamus,
998 3953 1066 4035 qui
1090 3954 1240 4020 eclesie
1264 3958 1303 4020 et
1324 3955 1483 4037 inperio
1506 3972 1566 4017 ex-

384 4041 571 4124 pediat*)
608 4041 692 4104 Talis
708 4040 792 4104 enim
805 4058 932 4104 necesse
955 4044 1060 4104 estut
1082 4040 1223 4122 eligatur,
1246 4041 1299 4122 qui
1321 4041 1353 4103 in
1377 4039 1564 4121 exequendis

383 4128 441 4203 hie,
465 4144 525 4208 que
547 4125 606 4190 Dei
629 4131 661 4190 et
684 4126 798 4191 cesaris
821 4129 904 4203 sunl,
927 4125 1007 4190 vires
1029 4125 1144 4190 habeat
1165 4131 1199 4190 et
1220 4127 1390 4192 scientiam.

456 4277 480 4342 *l
498 4275 559 4343 Vgl.
578 4275 621 4328 dio
639 4274 818 4398 einschlippigo
830 4274 912 4328 Stelle
930 4275 965 4327 im
979 4273 1112 4328 Wormecr
1124 4273 1278 4328 Koulordet
1296 4275 1356 4340 (Ill,
1375 4290 1414 4328 nr.
1428 4273 1481 4336 21).
1513 4273 1562 4326 Am

385 4345 736 4485 ἒῖοεὲιῗιῐιῑιιιτῐιδὲεινὲιῗξοιῑιῗ
748 4415 794 4468 des
812 4417 928 4484 Iagaten
941 4415 1070 4481 Gerhard,
1089 4415 1135 4469 des
1147 4415 1313 4469 Erebischols
1331 4434 1355 4470 v.
1368 4415 1454 4468 blainr
1473 4432 1500 4468 ιι.
1520 4415 1566 4468 dee

383 4485 1563 4556 Bisclrolsv.llildesheimderVicedcruinusderHalberatildterllirche,Budellgewlihlt.

774 4345 845 4399 oslar
856 4345 924 4398 nacla
937 4345 1100 4412 Kassierung
1113 4346 1159 4397 der
1170 4345 1263 4399 beiden
1277 4345 1397 4398 lrliheren
1412 4343 1523 4398 Walrlen
1538 4346 1565 4398 ln
