3617 5284
383 535 448 599 252

382 705 498 770 illustri
525 704 590 787 regi
613 704 784 771 Greeornm
814 708 847 770 et
871 706 1040 791 inperatori
1068 705 1180 772 dileeto
1208 706 1297 771 fratri
1326 726 1393 785 sno,
1423 707 1559 772 salutem

384 796 417 855 et
437 790 573 855 fraterne
601 790 772 856 dilectionis
801 791 957 857 adortum.
999 791 1257 858 Predeeessorum
1284 796 1464 858 nostrornm
1490 792 1559 857 dive

383 876 532 942 memorie
553 877 767 961 inperatorum
788 879 874 943 urbis
896 879 996 943 Rome
1017 878 1229 943 monarchiam
1252 878 1353 944 divino
1375 897 1504 944 munere
1526 881 1559 943 et

383 961 455 1026 felir
482 962 616 1027 obtinuit
642 963 770 1029 viatoria
798 982 931 1045 eamque
951 963 1040 1028 nobis
1062 983 1163 1047 usque
1186 964 1226 1028 ad
1247 964 1305 1028 hee
1326 967 1467 1048 tempora
1489 983 1560 1029 sue

383 1049 500 1114 eeseive
520 1051 725 1131 potenterque
746 1049 930 1126 transmisit,
957 1051 994 1112 nt
1021 1068 1100 1114 non
1127 1050 1251 1114 solum
1273 1050 1485 1115 Romanum
1505 1051 1560 1113 in·

382 1134 535 1218 perium
555 1136 698 1199 nostro
720 1133 956 1218 disponatur
978 1134 1265 1212 moderamine,
1289 1135 1559 1201 verumetiam

382 1238 545 1301 regnam
568 1219 710 1284 Greeie
732 1219 941 1284 adnutum
962 1222 1146 1286 nostrum
1167 1220 1252 1303 regi
1274 1223 1311 1284 et
1332 1222 1401 1287 snb
1422 1226 1558 1286 nostro

382 1305 596 1387 gubernari
618 1305 945 1390 debeatinperio.
977 1305 1560 1390 Sioutantemillerenregum,

383 1410 402 1455 a
439 1410 514 1473 qao
550 1391 677 1456 omnis
713 1394 913 1475 potestas,
950 1391 1166 1457 Romanum
1200 1391 1403 1476 inperium
1439 1394 1560 1475 eaput

382 1477 509 1541 totius
532 1477 640 1541 orbis
663 1478 898 1555 eonstituit,
929 1478 987 1542 ita
1008 1479 1129 1542 etiam
1151 1477 1281 1542 sedem
1303 1478 1476 1544 Romane
1505 1497 1561 1542 eo-

383 1563 509 1627 eleste
527 1563 700 1628 omnium
715 1563 982 1630 eeclesiarum
995 1566 1163 1628 matrem
1176 1563 1335 1629 unieam
1356 1564 1561 1629 dominam-

383 1667 457 1729 que
485 1649 524 1712 et
556 1648 795 1731 magistram
827 1649 1045 1728 ordinavit,
1080 1649 1184 1731 qnod
1218 1650 1357 1731 utique
1391 1649 1560 1715 duorum

384 1733 613 1815 gladiorum
634 1753 815 1812 numero,
837 1754 937 1817 qnos
960 1735 1117 1817 quidem
1139 1733 1560 1818 suffitoreperhibnit,

382 1819 469 1902 ipse
497 1822 636 1884 auotor
658 1819 756 1886 fidei
778 1820 1014 1887 Christiane
1035 1823 1225 1905 patenter
1246 1819 1560 1905 prefiguravit.*)

383 1903 579 1987 Quapropter
593 1905 722 1970 fraterni
737 1906 850 1971 amoris
864 1908 1017 1989 pretextu,
1039 1925 1134 1988 quem
1149 1909 1202 1971 tue
1218 1907 1355 1989 gerimus
1372 1906 1560 1982 eneellentie

382 1990 582 2073 prudentiam
609 1993 699 2055 tuam
727 1992 850 2076 seriptis
878 1993 1074 2076 presentibus
1104 1992 1235 2074 dignum
1256 2011 1451 2058 commonere
1473 1991 1562 2056 duxi·

382 2096 463 2153 mus,
485 2076 633 2158 quatinus
655 2078 743 2142 nobis
765 2080 798 2142 et
818 2077 937 2161 inperio
959 2078 1100 2143 Romano
1123 2078 1263 2142 debitum
1284 2079 1433 2144 honorem
1455 2096 1561 2159 reeog-

383 2181 493 2226 noseas
516 2164 549 2226 et
569 2181 692 2228 summo
713 2164 863 2247 pontifici,
891 2182 986 2245 quem
1007 2164 1225 2228 nominetenus
1248 2166 1391 2228 sanetum
1414 2163 1561 2247 appellas,

383 2250 559 2313 reverenter
580 2248 788 2314 obedientiam
810 2249 963 2314 exhibeas.
997 2249 1125 2314 audivit
1146 2253 1253 2314 autem
1273 2251 1382 2314 nostra
1402 2249 1560 2326 maiestas,

384 2333 468 2415 qnod
497 2334 615 2399 oooasio
638 2335 773 2417 quedam
800 2334 883 2400 inter
905 2335 1114 2418 patriarcham
1137 2335 1250 2400 Sancte
1273 2335 1388 2419 Sophia
1410 2337 1560 2418 tuamque

384 2419 578 2484 nobilitatem
599 2421 724 2502 prebuit
745 2420 947 2486 seminarium
968 2419 1127 2486 diseordie.
1164 2419 1222 2486 Cui
1243 2420 1271 2485 si
1291 2421 1481 2486 reooneiliari
1509 2421 1557 2484 in·

383 2505 499 2582 tendis,
527 2524 584 2587 pro
610 2505 690 2571 bono
718 2507 803 2590 paeis
831 2525 888 2572 noe
915 2509 1127 2590 oooperatores
1155 2506 1268 2571 babere
1296 2509 1421 2590 poteris.
1464 2506 1559 2572 Porro

384 2591 578 2656 snoeessibus
607 2593 661 2656 tue
689 2593 875 2670 nobilitatis,
908 2611 1001 2674 quos,
1030 2592 1107 2657 dum
1129 2594 1237 2657 eontra
1259 2591 1431 2658 Soldanum
1451 2611 1559 2673 regem

383 2676 498 2742 Yeonie
529 2677 699 2743 exereitum
727 2679 870 2756 duceres,
902 2677 1007 2744 divina
1039 2677 1140 2760 gratia
1171 2678 1304 2761 desuper
1334 2678 1391 2743 tibi
1420 2678 1561 2755 eontulit,

384 2781 463 2843 quos
485 2764 646 2843 gratanter
668 2764 856 2842 andivimus,
884 2781 965 2845 eque
986 2763 1225 2846 eongaudemus,
1247 2766 1341 2847 prout
1361 2766 1451 2828 tuem
1473 2763 1560 2829 nobi-

382 2848 503 2911 litatem
518 2850 622 2913 nostre
638 2849 811 2915 maiestatis
826 2849 1024 2934 prosperitati
1038 2848 1231 2932 eongaudere
1246 2868 1309 2914 non
1324 2847 1558 2932 diffidimus.**)

384 2932 465 2998 Cum
486 2935 594 2997 antem
615 2933 653 2998 de
676 2935 863 3017 quibasdam
884 2934 1030 3012 oonsiliis,
1053 2954 1114 3016 que
1138 2933 1291 2999 Saldanns
1313 2934 1432 3000 amiam
1454 2936 1562 3000 noster

383 3021 437 3082 tue
460 3018 583 3101 apernit
603 3021 766 3098 nobilitati,
787 3020 987 3104 prudentiam
1010 3026 1098 3085 tuam
1121 3038 1241 3085 asseras
1256 3020 1371 3097 mirari,
1393 3021 1560 3097 medimna,

385 3122 425 3168 an
446 3123 502 3186 per
523 3103 582 3168 heo
602 3105 697 3169 verba
715 3108 857 3170 nostram
885 3106 1084 3170 maiestatem
1109 3109 1217 3170 notare
1243 3104 1386 3171 volueris.
1432 3105 1465 3170 Si
1488 3123 1560 3186 ergo

383 3191 503 3254 remota
530 3189 613 3253 nube
641 3192 805 3257 verborum
832 3192 947 3256 mentis
976 3193 1029 3256 tue
1050 3191 1255 3256 intentionem
1276 3191 1433 3255 maiestati
1455 3193 1560 3256 nostre

384 3274 549 3358 aperueris,
579 3294 636 3339 nos
658 3277 804 3342 universa
825 3277 960 3356 oonsilio,
991 3295 1052 3358 que
1074 3295 1147 3341 eum
1167 3277 1234 3360 ipso
1258 3275 1392 3341 Soldano
1414 3276 1562 3341 baemu-

381 3379 461 3437 mus,
474 3358 629 3424 evidenter
640 3363 775 3446 profiteri
786 3382 849 3428 non
863 3361 1159 3445 embesoimns.***)
1188 3362 1295 3426 Mirari
1309 3380 1381 3427 vero
1396 3381 1459 3428 non
1474 3361 1561 3426 suffi-

383 3447 495 3524 oimus,
526 3445 624 3527 quod,
652 3447 743 3513 dum
770 3447 999 3513 fraternum
1023 3467 1190 3514 amorem
1212 3447 1324 3513 nobis
1345 3447 1560 3531 promittis,

383 3550 454 3615 per
481 3531 651 3597 nuntios
680 3539 718 3599 et
749 3553 818 3617 per
848 3534 1055 3618 peouniam
1087 3535 1194 3598 tuam
1227 3532 1376 3598 fideles
1408 3533 1560 3617 inperii

382 3617 508 3682 nostri
529 3623 693 3685 anostro
709 3621 882 3686 servitio
897 3622 936 3684 et
950 3619 1154 3684 fidelitate
1170 3621 1351 3684 avertere
1371 3618 1558 3702 niterie.†)

361 3849 365 3854 ι
417 3961 423 3973 .
454 3817 1042 3972 *RingLWii’kh'Xninllieiltwir'afttesdlgrmffigtin
1065 3904 1113 3942 von
1138 3887 1259 3942 Ikonium
1286 3887 1334 3942 das
1351 3887 1422 3942 Heer
1438 3888 1559 3943 Manuale

382 3962 425 4016 bel
439 3959 1047 4100 Hmixgoiihffitquasnfflisganagoeecfflgbgebnd
1065 4027 1160 4084 Annal.
1185 4027 1240 4084 Col.
1263 4027 1324 4082 Max
1346 4027 1459 4110 ad'ann.
1480 4032 1559 4083 1180.

382 4102 437 4156 Der
454 4101 548 4155 Saltan
565 4101 642 4156 hatto
658 4101 710 4155 mit
727 4101 787 4155 dem
805 4099 991 4170 Verspreehen‚
1014 4099 1105 4155 Christ
1122 4115 1154 4152 au
1173 4098 1290 4166 werden,
1309 4115 1353 4152 um
1371 4115 1429 4153 erne
1447 4096 1561 4152 Toehter

382 4172 531 4259 Friedriebe
559 4172 732 4242 angehalten3
761 4171 832 4225 dieee
861 4170 950 4225 warde
977 4186 1045 4223 zuar
1072 4171 1211 4238 angmngt,
1242 4169 1316 4224 starb
1346 4169 1409 4223 aber
1437 4185 1483 4222 vor
1514 4169 1560 4222 der

382 4241 569 4383 vomssiluKn}
585 4313 655 4367 Herr
673 4329 697 4367 a
716 4329 740 4366 a
759 4311 791 4366 0.
810 4311 837 4365 S.
857 4315 908 4367 100
932 4310 1016 4364 findet
1038 4310 1068 4364 in
1086 4309 1176 4364 diesen
1193 4309 1303 4364 Worten
1320 4310 1389 4363 wohl
1406 4310 1457 4364 mit
1474 4309 1561 4364 Reeht

382 4383 441 4437 eine
458 4383 558 4452 Anapis
568 4400 623 4452 ung
646 4382 694 4436 auf
714 4383 772 4436 eine
793 4380 967 4450 Verbindung
993 4380 1113 4435 Manuele
1137 4381 1188 4434 mit
1214 4380 1344 4435 Heinrich
1372 4379 1431 4435 dem
1456 4380 1559 4436 Idwen.

382 4454 475 4508 Dieeer
491 4454 567 4508 hatto
583 4454 621 4508 im
637 4453 720 4507 Jahre
739 4455 807 4509 1172
825 4451 872 4505 aul
886 4451 958 4506 einer
976 4451 1121 4506 Walltabrt
1141 4451 1210 4506 nauh
1227 4450 1374 4506 Jerusalem
1392 4451 1442 4506 den
1460 4451 1561 4506 laisar-
