3617 5284
1404 536 1468 599 235

288 709 453 778 imperatore,
476 710 508 761 ut
525 709 624 762 secrete
641 707 774 762 vobiscum
791 708 820 760 et
837 723 897 760 cum
915 706 1042 761 fratribus
1060 705 1155 759 veshis
1172 706 1318 776 loquamur,
1337 707 1468 774 quatenus

289 797 329 845 ea,
348 796 415 848 quae
432 779 503 832 iuter
520 795 569 832 uos
586 781 614 832 et
631 795 676 831 vos
694 777 835 831 tractanda
851 777 951 831 fuerint
967 780 996 830 et
1013 777 1163 842 statuenda,
1182 775 1304 829 inimicus
1322 773 1399 828 homo
1417 793 1468 829 non

289 850 389 903 sentiat
409 852 438 903 et
461 850 488 902 in
514 852 614 902 secreto
637 852 781 915 serventur,
807 865 942 917 quousque
968 847 1041 918 pacis
1064 848 1160 900 bonum
1187 849 1339 914 praestante
1365 845 1469 898 domino

289 921 457 988 compleatur.
494 919 596 972 Scimus
621 920 705 986 enim,
731 917 801 988 qnod
827 919 855 972 iu
916 921 956 971 rto
981 921 1072 970 nostra
1096 921 1124 970 et
1149 920 1236 971 vestra
1260 916 1379 970 nonnulli
1398 919 1468 982 sunt,

288 991 334 1061 qui
352 1008 442 1060 paoem
461 990 555 1043 odiunt
572 993 600 1043 ot
618 989 685 1043 hane
703 988 861 1043 discordiam
889 989 992 1042 ibenter
1010 987 1159 1057 iouent“.*)
1196 987 1267 1040 Hisi
1316 1003 1348 1039 ue
1361 987 1470 1052 auditis,

288 1061 425 1115 rmiversus
443 1063 584 1114 conventus
603 1060 726 1114 discessit
742 1063 771 1113 et
789 1059 904 1141 pontifex
922 1077 981 1112 cum
999 1059 1126 1112 fratribus
1145 1059 1200 1112 suis
1219 1060 1247 1111 et
1262 990 1359 1110 offlam
1372 1056 1469 1124 legatis

289 1132 459 1184 secretarium
483 1131 585 1184 consilii
610 1131 682 1184 solus
705 1131 824 1185 intravit.
860 1129 1008 1200 Coeperunt
1033 1132 1121 1183 autem
1141 1129 1173 1182 de
1192 1130 1269 1182 verbo
1287 1127 1360 1196 pacis
1379 1127 1413 1180 ad
1432 1128 1469 1181 in-

290 1203 372 1256 vicem
402 1203 544 1270 diligenter
571 1205 693 1256 tractare.
730 1201 782 1255 Sed
829 1201 936 1254 uoniam
966 1217 1007 1254 res
1037 1200 1121 1253 ardua
1149 1203 1177 1254 et
1208 1199 1320 1252 multum
1352 1197 1469 1252 difficilis

290 1275 426 1341 agebatur,
447 1303 478 1310 -
497 1272 600 1325 multi
624 1271 722 1325 enim·
740 1219 873 1325 nobihes
894 1288 932 1324 ac
955 1271 1114 1341 potentes
1132 1271 1164 1322 in
1184 1269 1377 1323 schismate
1394 1284 1470 1336 gra-

289 1343 385 1396 viter
411 1343 503 1413 lapsi
530 1342 737 1410 fuerant,**)
756 1346 784 1395 et
802 1341 835 1395 de
859 1341 1018 1411 quibusdam
1046 1341 1169 1463 ‹apitidis
1194 1341 1264 1393 inter
1282 1338 1417 1394 eeclesiam
1443 1343 1470 1392 et

289 1414 426 1481 imperium
454 1413 631 1466 controversia
658 1415 818 1478 vertebatur,
845 1443 879 1450 —
907 1413 979 1465 idtra
1006 1412 1070 1480 quin
1089 1411 1153 1464 esim
1179 1411 1236 1464 dios
1261 1412 1392 1464 tractatus
1414 1410 1470 1477 ipae

289 1484 403 1538 duravit.
414 1484 473 1550 aas)
491 1484 523 1537 In
541 1501 593 1552 quo
611 1484 698 1554 spatio
715 1486 866 1536 sanctorum
879 1485 985 1550 patrum
1003 1481 1184 1547 auctoritates,
1203 1480 1342 1550 privilegia
1358 1480 1469 1548 impera

289 1559 375 1608 torum
394 1559 422 1608 et
440 1555 564 1624 antiquae
582 1553 783 1608 eonsuetudines
801 1557 881 1622 atque
899 1553 967 1606 aliae
985 1552 1100 1606 rationes
1119 1555 1239 1606 ostensae
1254 1555 1325 1618 erint,
1345 1553 1374 1604 et
1392 1567 1470 1620 super

288 1626 327 1678 ois
352 1626 453 1678 (liunus
478 1629 520 1678 est
542 1626 691 1678 laboratum
717 1627 796 1693 atque
815 1624 950 1677 subtiliter
969 1623 1141 1692 disputatum.
1178 1621 1296 1676 'landem
1314 1623 1469 1690 cooperanto

289 1697 375 1749 saneti
384 1695 501 1777 Spiritus
518 1696 608 1762 gratia
624 1695 775 1749 itaiactum
790 1697 839 1760 est,
858 1694 929 1764 quod
948 1694 989 1748 de
1007 1693 1160 1746 omnibus
1183 1692 1358 1763 capitulis
1376 1692 1471 1745 inter

289 1767 470 1819 ecclesiam
498 1769 533 1819 ot
559 1765 738 1835 imperium
762 1781 834 1818 cum
861 1763 1078 1834 saepedictis
1102 1763 1232 1830 legatis
1258 1763 1417 1832 pontifex
1438 1766 1471 1816 et

289 1838 423 1890 iratres
451 1836 527 1890 eius
553 1835 767 1889 unanimiter
793 1835 1063 1901 concordarunt,
1081 1838 1232 1888 remanente
1249 1851 1330 1886 caiisa
1347 1833 1470 1886 lombar·

290 1907 382 1960 dorum
400 1907 428 1960 in
445 1923 475 1959 eo
493 1908 583 1972 statu,
608 1923 659 1975 quo
677 1908 743 1973 erat,
762 1923 843 1976 usque
862 1906 896 1958 ad
915 1921 1048 1958 commune
1066 1905 1238 1974 collrapuium,
1249 1906 1275 1974 †)
1299 1903 1421 1973 quioniam
1440 1905 1467 1957 in

289 1993 378 2029 eorum
401 1976 522 2030 absentia
545 1993 593 2030 nec
617 1977 709 2029 debuit
732 1994 780 2030 nec
803 1976 891 2046 potuit
909 1975 1053 2029 terminari.
1091 1975 1127 2028 Et
1145 1976 1269 2044 quoniam
1286 1975 1342 2028 sino
1360 1973 1471 2044 impera-

289 2047 355 2100 toris
380 2050 408 2100 et
425 2047 630 2101 lombardorum
653 2047 781 2116 corporali
807 2046 956 2115 praesentia
980 2063 1031 2116 pax
1052 2045 1122 2114 ipsa,
1149 2045 1219 2098 sicut
1239 2045 1401 2115 praedictum
1421 2048 1469 2108 est,

290 2117 347 2170 lieri
365 2135 416 2170 non
435 2117 556 2184 debebat,
576 2117 749 2172 constitutum
767 2120 825 2182 est,
849 2119 881 2170 ut
899 2117 1015 2184 pontilon
1033 2133 1091 2168 crim
1110 2116 1237 2169 iratribus
1256 2116 1311 2168 suia
1330 2131 1376 2184 pro
1396 2119 1471 2168 tanto

290 2187 456 2241 desideratae
474 2188 546 2256 pacis
564 2189 631 2240 bono
649 2188 784 2241 laboraret
800 2188 828 2241 in
848 2188 952 2258 proprio
970 2202 1075 2256 corpore
1093 2188 1121 2239 st
1139 2187 1172 2240 ad
1191 2188 1280 2256 partes
1298 2185 1470 2238 lombardiae

290 2260 389 2328 absque
413 2259 493 2340 longa
517 2259 644 2313 dilatione
668 2259 813 2340 festinaret.
848 2257 960 2339 iuterim
986 2259 1074 2311 autom
1102 2257 1167 2339 data
1190 2259 1232 2310 est
1250 2256 1325 2309 firma
1343 2256 1471 2309 nectarites

290 2332 610 2454 hathermuth
624 2331 745 2453 alth
757 2329 1174 2480 abundantium:
1193 2328 1472 2467 battutile

290 2471 432 2524 mationem
456 2471 540 2541 ipsius
563 2471 644 2539 pacis.
681 2470 733 2523 His
757 2470 848 2540 itaque
872 2469 1009 2540 dispositis
1035 2471 1063 2522 et
1088 2468 1250 2522 concorditer
1273 2467 1411 2535 ordinatis,
1437 2467 1471 2520 ad

289 2542 473 2612 imperatorem
492 2542 573 2611 legati
593 2542 693 2595 alacres
710 2541 866 2610 redierunt]

669 2690 704 2765 a)
737 2690 866 2757 Pactum
888 2689 1091 2773 turonicum.

440 2790 531 2859 (Kehr,
549 2789 664 2859 Vertrag
682 2808 704 2845 v.
718 2790 839 2858 Anagni3
858 2789 892 2843 N.
905 2789 1003 2842 Archiv
1021 2789 1097 2854 XIII,
1119 2789 1320 2855 loa-llam)

378 2909 405 2968 1.
434 2905 588 2968 Dominus
619 2905 790 2988 imperator
825 2906 858 2968 et
888 2903 1015 2967 donnna
1046 2902 1226 2986 imperatrix
1260 2904 1292 2966 st
1327 2902 1471 2967 donnnus

289 2991 455 3055 Heinricus
483 3009 535 3054 ren
563 2991 645 3055 filius
675 3011 782 3055 eorum
804 2995 837 3054 et
866 2989 1019 3074 principes
1042 2989 1177 3053 universi
1200 2987 1323 3052 exibent
1345 2989 1471 3054 ecclesie

290 3078 440 3153 Romane,
463 3076 546 3158 quod
565 3077 702 3161 primum
725 3080 757 3141 et
771 3076 940 3160 principale
963 3081 1019 3152 est,
1041 3073 1184 3138 videlicet
1206 3074 1287 3156 quod
1311 3075 1472 3139 dominum

291 3181 403 3245 papam
436 3162 648 3226 Alexandrum
686 3164 718 3226 in
747 3161 936 3226 catholicum
977 3164 1009 3225 et
1037 3160 1244 3224 universalem
1277 3180 1391 3243 papam
1424 3181 1471 3224 re-

291 3248 407 3330 cipient
436 3250 468 3311 et
497 3247 524 3312 ei
552 3247 691 3312 debitam
720 3249 927 3312 reverentiam
950 3247 1124 3321 exibebunt,
1154 3246 1236 3310 siout
1256 3246 1400 3311 katholioi
1424 3248 1472 3311 sui

189 3339 196 3349 '
292 3337 501 3398 antecessores
524 3336 589 3426 suis
612 3334 772 3399 catholicis
795 3333 1042 3398 antecessoribus
1065 3331 1258 3396 exibuerunt

380 3472 406 3537 *)
424 3471 515 3524 Petere
533 3488 557 3526 a.
576 3487 600 3525 a.
620 3471 650 3526 0.
669 3471 697 3526 S.
719 3477 750 3524 19
769 3472 787 3526 f.
806 3473 951 3536 verinutot,
975 3471 1037 3524 dass
1061 3471 1103 3523 dis
1123 3470 1180 3523 hier
1199 3470 1247 3524 wie
1265 3473 1354 3540 spinter
1373 3471 1400 3523 iu
1420 3470 1470 3523 den

290 3541 381 3596 Redeo
400 3542 446 3594 der
465 3540 616 3596 Gesaudten
634 3561 666 3596 atr
677 3542 796 3611 Venedig
807 3541 999 3610 ligurierenden
1011 3541 1230 3594 Friedenshaaser
1248 3541 1274 3594 in
1288 3540 1474 3594 Wirklichhsit

293 3630 344 3666 nur
361 3613 402 3665 ala
421 3613 648 3682 Drobgespenstor
664 3613 785 3667 eristiert
802 3612 897 3667 haben.

364 3683 406 3750 **)
425 3683 477 3736 Die
489 3683 686 3752 Anerleunuug
704 3684 751 3737 der
768 3683 987 3737 schismatischen
1000 3681 1122 3736 Biachdie
1141 3682 1221 3736 stand
1240 3682 1295 3734 also
1314 3681 1349 3734 im
1363 3682 1475 3735 Vorder·

292 3753 394 3820 grunde
413 3754 459 3807 der
477 3754 707 3824 Verhundlungeu.

351 3823 409 3889 m)
427 3825 543 3878 Annales
568 3825 758 3879 Ceeoanenses:
783 3824 815 3877 In
840 3825 865 3879 d.
884 3829 910 3878 8.
932 3828 973 3879 12.
998 3824 1058 3878 Kal.
1085 3824 1241 3877 Novembris
1267 3825 1319 3892 (⁶21.
1346 3821 1472 3892 Ohtober)

293 3895 365 3947 veuit
390 3895 563 3948 cancellarius
589 3896 755 3965 imperatoris
782 3895 816 3948 ad
844 3895 993 3964 Anagniam
1022 3893 1056 3948 ad
1081 3911 1176 3966 papam
1198 3892 1384 3947 Alexandmm.
1422 3892 1471 3947 Am
1497 3901 1501 3910 ‘

292 3965 363 4032 Tage
382 3966 449 4017 nach
468 3966 515 4018 der
532 3965 653 4041 hulunit
677 3967 812 4034 bagmam
840 3966 882 4019 die
908 3965 1128 4032 Verhandlungon
1153 3967 1184 4034 (s.
1204 3965 1306 4030 ebeni),
1332 3965 1370 4017 sie
1391 3964 1471 4018 fallen

293 4035 348 4087 also
367 4037 393 4088 iu
413 4035 456 4089 die
474 4035 532 4089 Zeit
550 4054 607 4089 vom
626 4041 668 4091 22.
688 4036 806 4091 Oltober
822 4037 864 4089 his
883 4042 907 4090 5.
928 4035 1080 4090 November.

381 4107 407 4173 †)
426 4107 482 4159 Das
494 4106 606 4160 Komma
618 4107 685 4161 nach
695 4107 829 4162 erathabo
840 4106 881 4160 ich
891 4106 960 4158 nach
970 4106 1029 4158 dem
1040 4105 1200 4174 Voraehlage
1209 4105 1308 4158 Peters'
1318 4105 1470 4173 eingesotut.

363 4179 404 4241 ἡ)
423 4177 496 4229 Kehr
513 4177 573 4244 gibt
592 4177 634 4230 die
652 4178 780 4232 Urhunde
798 4176 865 4231 uach
885 4177 932 4230 der
949 4177 984 4229 im
1006 4177 1108 4230 Wintor
1129 4172 1243 4248 1885!th
1263 4176 1471 4243 autgasundenen

292 4246 566 4315 gleichzeitigen
585 4248 694 4318 Kopie
712 4249 747 4301 im
767 4247 965 4302 vaiilanischon
978 4247 1076 4300 Archiv
1094 4265 1123 4300 zu
1137 4247 1212 4314 Rom,
1231 4246 1304 4300 Arm.
1318 4247 1354 4300 Π.
1367 4263 1437 4316 caps.
1451 4246 1472 4301 1.

293 4335 332 4371 nr.
350 4323 376 4372 8.
413 4318 463 4372 Die
489 4317 573 4371 durch
591 4319 668 4372 Risee
693 4319 756 4372 oder
781 4318 880 4372 lochen
904 4318 941 4370 im
960 4318 1119 4386 Pergament
1142 4316 1293 4384 notwsndig
1318 4316 1473 4384 gemachteu

292 4388 483 4457 Erginaungeu
501 4389 562 4442 sind
585 4389 614 4442 in
631 4390 783 4443 Klammem
806 4392 917 4458 gesetat.
953 4389 1047 4456 Einige
1072 4388 1202 4442 offenbare
1227 4387 1419 4442 Sohreibfohler
1445 4387 1472 4441 iu

293 4459 339 4513 der
356 4459 440 4530 Kopie
458 4460 527 4513 habe
544 4459 588 4513 ich
606 4461 761 4516 vorbesaert.
792 4459 865 4514 Kehr
882 4459 948 4513 hebt
965 4459 1067 4527 horror,
1086 4459 1148 4513 duas
1167 4458 1215 4512 dua
1234 4458 1345 4512 Pacbum
1357 4457 1473 4528 Anagni-
