3617 5284
494 715 530 787 a)
554 713 743 782 turdimulo
766 714 805 780 ts
828 713 1006 796 emortuos,
1029 713 1084 780 2³.
1109 713 1221 788 dove)

633 824 716 892 (uon.
737 823 824 878 cerm.
844 825 913 893 legg.
932 823 968 890 11,
991 830 1038 880 ιιι
1059 823 1087 894 ι.)

355 941 493 1009 [ngewin
502 941 549 1009 IV,
562 959 584 996 c.
597 947 626 996 7:
647 941 748 994 Deinde
760 958 838 1010 super
848 940 957 994 iusticia
970 942 1043 1010 regni
1058 945 1085 996 st
1095 941 1126 994 de
1136 939 1276 1009 regalibus,
1298 958 1365 1010 quae
1375 943 1452 1010 longo

265 1011 319 1062 iam
342 1014 459 1081 tempore
483 1029 529 1065 seu
555 1012 706 1065 temeritate
730 1011 931 1080 pervadentium
957 1028 1003 1066 seu
1029 1013 1150 1094 neglectu
1169 1028 1260 1080 regum
1278 1012 1387 1081 imperio
1408 1013 1452 1066 ds·

264 1080 405 1150 perierant,
424 1082 542 1136 studiose
567 1083 706 1148 disserens,
731 1099 790 1134 cnm
813 1082 915 1136 nullam
938 1086 1046 1152 possent
1067 1083 1183 1136 ruvonire
1209 1082 1384 1136 defensionem
1410 1101 1453 1136 ex·

264 1152 418 1217 creationis,
437 1156 494 1206 tam
513 1153 628 1224 episcopi
646 1169 726 1223 quam
743 1153 871 1222 primates
889 1156 918 1206 et
935 1153 1058 1207 civitates
1077 1170 1128 1206 uuo
1146 1170 1198 1214 ore,
1217 1169 1269 1205 uno
1282 1170 1408 1206 consensu
1421 1154 1448 1206 in

264 1238 371 1276 manum
389 1223 515 1293 principis
533 1224 633 1292 regulis
651 1223 797 1288 reddidero,
815 1224 946 1292 primique
958 1224 1150 1292 resignantiuui
1161 1223 1454 1276 Mediolanenses

264 1293 386 1360 cattam
411 1294 644 1364 requisitique
677 1295 715 1347 de
743 1294 806 1346 hoc
837 1294 914 1364 ipso
940 1294 1029 1360 iurs,
1064 1294 1145 1363 qnid
1171 1297 1285 1358 essct,
1321 1293 1452 1347 adiudi-

265 1367 444 1417 cavsrunt:
472 1365 599 1431 ducatus,
625 1364 771 1429 marchias,
795 1365 953 1430 comitatus,
977 1363 1145 1430 consulatus,
1172 1366 1300 1430 monetas,
1320 1364 1450 1430 thelonea,

263 1433 368 1486 fodrum
404 1438 450 1503 (·-
477 1435 571 1488 Steusr
599 1435 641 1488 fur
669 1434 712 1488 dis
741 1434 917 1504 Verpflegung
945 1435 990 1488 des
1019 1435 1193 1488 haissrlichsu
1221 1433 1346 1504 Heerss),
1374 1437 1453 1488 oceu-

271 1504 352 1572 galia,
371 1508 470 1574 portus,
489 1505 620 1575 pedatica,
639 1505 798 1570 molendina,
817 1506 952 1575 piscarias,
971 1510 1063 1576 pontes
1083 1522 1236 1576 omnemque
1255 1506 1400 1559 utilitatem
1421 1523 1451 1559 ex

267 1573 378 1628 decursu
397 1575 534 1629 fluminum
552 1576 759 1646 provenientem,
778 1593 826 1629 nec
844 1575 876 1629 de
894 1580 967 1629 terra
987 1579 1106 1643 tanturn,
1135 1593 1224 1630 verum
1243 1576 1324 1629 etiam
1342 1577 1375 1629 dc
1395 1577 1450 1629 suis

270 1645 382 1714 propriis
399 1646 531 1716 capitibus
549 1663 642 1700 osnsus
662 1647 742 1700 annui
760 1646 954 1715 redditionem]

352 1802 482 1884 Regalis
498 1808 573 1867 sunt
586 1803 658 1868 hec:
681 1779 887 1880 annonis-l,
898 1804 947 1867 vie
963 1803 1092 1886 publice,
1108 1802 1240 1866 fiumina
1255 1804 1450 1886 navigabilia,

266 1890 299 1949 et
328 1906 365 1951 ex
395 1889 508 1969 quibus
537 1889 619 1952 fiunt
639 1888 841 1970 navigabilia,
873 1893 997 1972 portus,
1026 1890 1171 1972 ripatico,
1202 1890 1449 1972 vectigaliaque

265 1973 359 2054 vulgo
388 1974 535 2038 dicuntur
564 1974 722 2052 thelonea,
751 1978 889 2050 monete,
919 1976 1108 2039 muletarum
1130 1993 1344 2058 penarumque
1366 1995 1450 2039 com-

265 2059 387 2140 pendia,
409 2061 490 2124 bona
505 2063 656 2136 vacantia,
679 2066 710 2124 et
733 2080 792 2141 que
807 2061 944 2142 indignis
959 2061 1080 2142 legibus
1096 2060 1288 2138 auferuntur,
1311 2061 1371 2124 nisi
1388 2081 1448 2142 que

266 2145 439 2226 spetialiter
453 2146 641 2226 quibusdam
656 2145 875 2222 conceduntur,
899 2152 930 2210 et
951 2148 1031 2211 bonu
1047 2147 1297 2211 contrahentium
1313 2147 1449 2211 incestas

266 2230 401 2312 nuptias,
423 2234 455 2294 et
469 2232 710 2315 dampnatorum
725 2234 757 2295 et
767 2233 1009 2316 proscriptorum
1027 2233 1198 2297 secuudum
1215 2233 1298 2314 quod
1314 2235 1346 2296 in
1361 2234 1448 2298 novis

266 2317 541 2382 constitutionibus
550 2319 602 2400 **)
638 2320 779 2394 cavetur,
817 2319 1017 2399 angariarum
1047 2321 1078 2382 et
1106 2319 1395 2401 paranganarumb)
1418 2323 1450 2383 et

268 2401 495 2483 plaustrorum,
526 2406 558 2468 et
583 2405 710 2468 navium
739 2405 961 2486 prestatioues,
992 2411 1023 2469 et
1052 2403 1295 2468 extraordinaria
1327 2404 1449 2469 collatio

268 2487 306 2550 ad
331 2487 542 2552 felicissimam
564 2490 677 2571 regalis
692 2490 831 2553 numinis
847 2491 1081 2573 expeditionem,
1103 2492 1242 2572 potestas
1259 2491 1449 2555 constituen-

266 2573 377 2637 dorum
388 2575 630 2656 magistratuum
642 2575 681 2638 ad
693 2575 845 2639 iustitiam
861 2576 1168 2659 expediendam,***)
1180 2576 1391 2657 argentariae,
1415 2580 1446 2640 et

265 2659 383 2742 palatia
397 2660 430 2724 iu
445 2661 621 2727 civitatibus
636 2662 802 2738 consuetis,
824 2662 1032 2745 piscationum
1048 2661 1196 2738 redditus
1218 2667 1250 2725 et
1266 2662 1446 2739 salinarum,

353 2870 380 2933 a)
398 2867 476 2921 Nach
490 2866 662 2921 Gissebrscht
679 2867 807 2935 Abgaben
827 2886 851 2921 v.
871 2866 982 2932 Giitern,
1002 2866 1044 2920 dis
1062 2867 1170 2920 ehedsm
1190 2867 1333 2920 hrimaueu
1354 2868 1446 2933 (srcieu

263 2938 463 3007 langobardam]
482 2937 578 3006 gohiirt
594 2937 696 2991 hatten.
734 2938 762 3005 b)
781 2955 804 2991 a.
824 2961 858 2984 -..-
876 2939 1051 2991 iumentorum
1079 2938 1119 2990 vel
1144 2938 1322 3007 plaustrorum
1345 2942 1447 3007 prosta-

264 3010 349 3063 lu'ones
367 3010 499 3078 perviam
519 3007 646 3060 directam
664 3009 728 3060 oder
745 3009 852 3076 regiam.
888 3025 914 3078 p.
934 3031 968 3053 z
988 3008 1005 3062 i.
1020 3026 1042 3062 v.
1056 3026 1081 3078 p.
1094 3025 1119 3078 p.
1139 3025 1185 3078 per
1203 3009 1271 3061 viam
1291 3012 1445 3064 traversam.

267 3080 292 3149 e)
311 3079 389 3218 w⁰⁸lbl
398 3078 779 3204 gsmgbbbbzhlsbrhearlblbtlten
805 3149 862 3204 Lib.
887 3149 957 3203 isud.
980 3147 1021 3213 II,
1050 3153 1091 3202 56.
1141 3149 1218 3202 Pertz
1240 3149 1300 3218 gibt
1325 3148 1444 3202 dasselbe

264 3220 332 3274 nach
350 3220 489 3289 folgenden
508 3219 761 3273 handschriitlichen
773 3209 1004 3287 Uberliefsrungen
1024 3219 1070 3272 der
1086 3219 1159 3273 Libri
1179 3219 1341 3274 Feudorum:
1360 3220 1444 3273 einsm

265 3291 405 3344 Halioussr
422 3290 495 3356 Coo,
514 3291 573 3344 deur
592 3290 916 3358 Miiuchen-Augsbnrgsr,
936 3290 995 3343 dem
1015 3289 1164 3358 Giittinger,
1187 3289 1245 3343 dem
1264 3290 1444 3356 Franlsfurter,

264 3363 324 3416 dem
340 3362 447 3415 Pariser
470 3378 509 3414 nr.
529 3365 614 3425 4440,
640 3360 700 3414 dem
719 3359 1029 3413 Miinchen·Kaislieimer
1053 3378 1078 3415 u.
1097 3361 1202 3414 Pariser
1220 3377 1258 3414 nr.
1280 3361 1390 3414 3922A.
1417 3393 1439 3398 --

265 3433 319 3486 Der
337 3437 445 3485 busssrn
463 3431 541 3484 Form
560 3431 629 3484 nach
647 3431 779 3484 erschsint
797 3430 881 3484 disses
901 3430 995 3484 Gesstz
1015 3431 1054 3483 als
1074 3431 1171 3496 Edilrt,
1191 3430 1273 3483 durch
1293 3431 1335 3483 die
1352 3430 1444 3484 Worto

265 3503 406 3572 Ragewins
419 3503 482 3556 abor
494 3502 533 3555 ist
543 3501 585 3554 dis
600 3501 773 3570 Mitwirhung
791 3501 838 3555 der
848 3501 948 3553 Stande
966 3502 1098 3569 vorbbrgt.
1130 3501 1251 3566 Wacker,
1270 3501 1324 3554 Der
1335 3501 1444 3554 Reichs-

264 3577 313 3642 tag
330 3590 354 3627 a.
373 3590 397 3626 a.
417 3571 448 3628 0.
468 3573 493 3626 S.
513 3577 555 3627 75.
578 3603 608 3610 -
629 3572 693 3625 an
712 3572 854 3625 erstenmal
873 3587 959 3624 waren
978 3571 1020 3624 die
1038 3571 1166 3640 Regalien
1185 3571 1273 3624 finiert
1291 3571 1394 3624 worden
1414 3573 1442 3624 iu

264 3643 314 3697 den
332 3643 555 3711 Verhsndlnngen
580 3659 625 3696 zw.
644 3642 772 3696 Heinrich
790 3643 822 3696 V.
849 3659 874 3695 u.
897 3641 1011 3695 Paschal
1029 3642 1064 3696 Π.
1101 3642 1161 3710 Vgl.
1187 3641 1238 3696 Bd.
1257 3647 1286 3707 3,
1311 3658 1351 3696 ur.
1371 3642 1444 3695 XXa

262 3715 360 3768 meiner
374 3713 536 3782 Sammlung.
571 3713 612 3779 **)
633 3711 756 3767 Gemeint
774 3712 834 3766 sind
849 3712 891 3765 dio
903 3711 1030 3766 Novellen
1042 3712 1136 3766 Kaiser
1149 3713 1299 3766 Justinians
1311 3715 1364 3778 (12,
1380 3729 1401 3766 c.
1415 3713 1441 3780 2)

261 3786 322 3851 ***)
339 3785 371 3838 Ιιι
391 3783 450 3837 dern
457 3784 573 3852 Vertrag
589 3784 640 3837 mit
657 3782 776 3836 Mailand
795 3800 854 3836 vom
871 3787 896 3837 8.
912 3783 983 3852 Sept.
998 3787 1065 3838 1158
1084 3783 1220 3851 (Ragewin
1231 3781 1282 3848 III,
1292 3799 1314 3835 c.
1325 3785 1371 3848 47)
1390 3799 1444 3835 war

262 3857 400 3909 bostimmt
418 3855 536 3908 worden:
555 3853 680 3909 Consules
698 3870 757 3907 vero
776 3854 822 3923 qui
840 3871 910 3906 nunc
926 3856 990 3906 sunt
1008 3870 1038 3906 ex
1058 3854 1215 3907 auctoritate
1233 3856 1261 3906 et
1279 3853 1443 3906 concessione

263 3926 351 3979 domni
375 3925 540 3996 imperatoris
566 3941 648 3994 usque
666 3925 701 3978 ad
718 3924 779 3979 Kal.
799 3923 936 3977 Februarii
973 3924 1069 3978 roxime
1087 3928 1211 3977 venturas
1264 3926 1396 3976 rssvsrent
1414 3927 1443 3976 et

261 4013 308 4066 pro
321 3997 460 4050 consulatu
471 4013 519 4049 suo
531 3995 625 4048 domno
643 3995 796 4064 imperatori
813 3994 908 4048 iurent.
965 3995 1051 4047 enturi
1070 4011 1129 4047 vero
1149 4010 1228 4047 consu
1240 4010 1268 4046 os
1287 4009 1303 4045 a
1320 4010 1358 4062 po
1387 3994 1444 4046 ulo

259 4067 441 4135 eligantur
457 4070 491 4121 st
509 4067 546 4119 ab
565 4066 640 4136 ipso
659 4066 867 4133 imperatore
885 4065 1158 4130 confirmentur,
1184 4079 1293 4133 quorum
1313 4079 1354 4115 me
1373 4063 1442 4117 ictas

261 4138 400 4208 adipsum
419 4138 520 4204 veniat,
540 4137 602 4189 dum
620 4137 650 4189 in
668 4135 852 4204 longobardia
869 4135 963 4200 fuerit3
988 4135 1054 4188 alias
1073 4139 1161 4188 autem
1180 4151 1209 4187 eo
1229 4134 1370 4197 existente,
1392 4133 1443 4188 duo

263 4209 297 4262 ad
317 4226 376 4262 sum
394 4224 425 4261 ex
444 4207 593 4261 oonsulibus
612 4207 720 4261 veniant
737 4210 780 4271 et,
800 4206 947 4260 iuramento
966 4205 1043 4272 lacto,
1063 4205 1177 4259 officinm
1197 4205 1349 4257 consulatus
1368 4204 1408 4257 sui
1428 4221 1444 4258 a

264 4279 358 4333 domno
375 4278 532 4348 imperatore
549 4278 691 4349 recipiant,
718 4293 765 4347 pro
784 4293 811 4329 se
829 4279 857 4329 st
877 4278 946 4346 [pro]
967 4277 1044 4329 sociis
1064 4276 1132 4341 suis,
1157 4275 1267 4328 iacturis
1285 4273 1355 4327 idem
1374 4274 1445 4327 inra-

263 4353 381 4404 menturu
400 4349 494 4402 domno
511 4349 663 4418 imperatori
682 4364 768 4400 οοτιιιιι
788 4347 919 4400 communi
938 4363 1000 4400 suae
1019 4346 1144 4399 civitatis.
1183 4345 1211 4397 Si
1231 4348 1319 4398 autem
1338 4345 1444 4412 legatus

261 4438 278 4475 a
298 4421 393 4473 domno
410 4420 566 4489 imperatore
586 4419 735 4472 destinatus
753 4417 879 4471 fueritin
897 4416 1020 4481 Italiam,
1051 4415 1142 4469 eadem
1167 4431 1253 4468 corum
1277 4415 1334 4485 ipso
1354 4418 1382 4468 st
1398 4431 1446 4486 per

262 4492 349 4561 ipsum
366 4489 441 4543 fiant
