3617 5284
357 553 397 617 12

355 725 468 787 summi
492 725 653 808 piscatoris
681 723 822 806 procellis
845 723 1125 787 intumescentibus
1147 727 1308 805 cogeretur
1328 724 1361 788 in
1379 723 1532 805 naubagii

355 809 507 892 profunda
530 809 695 891 submergi.
739 808 839 884 Unde,
863 809 889 872 si
910 810 1013 892 placet
1031 807 1217 874 fraternitati
1232 812 1362 886 restrae,
1384 810 1532 873 debemus

355 895 522 959 ausiliante
547 896 602 959 deo
626 895 740 959 intruis
764 895 885 958 ensibus
908 894 1078 978 prudenter
1099 915 1257 960 occurrere
1280 899 1312 960 et
1327 895 1532 959 ecclesiastico

354 982 459 1056 statui,
476 1001 514 1046 ne
530 981 668 1046 rediviva
684 980 816 1062 —quod
832 980 927 1044 absit!
944 1019 984 1025 —
999 981 1083 1044 mala
1098 982 1304 1064 praevaleant,
1325 981 1357 1044 in
1372 983 1532 1064 postemm

353 1067 566 1149 praevideres.
602 1067 797 1149 Quapropter
812 1066 957 1130 instructi
969 1066 1241 1149 praedecessorum
1260 1070 1437 1130 nostrorum
1459 1067 1533 1130 alio·

353 1171 486 1234 rumque
502 1155 680 1218 sanctorum
692 1155 818 1235 patrum
830 1153 1016 1216 auctoritate
1029 1151 1222 1216 decemimus
1235 1155 1330 1234 atque
1345 1153 1530 1216 statuimus:

440 1256 468 1336 ξ.
486 1259 501 1318 1
527 1259 570 1328 ut,
593 1256 726 1320 obeunte
741 1255 835 1319 huius
847 1256 1006 1320 Romanae
1022 1256 1205 1320 universalis
1220 1256 1365 1320 ecclesiae
1380 1255 1532 1339 pontifice,

355 1340 496 1425 inprimis
526 1341 697 1405 cardinales
732 1341 866 1424 episcopi
896 1340 1134 1422 diligentissima
1166 1341 1261 1405 simul
1289 1341 1531 1406 consideratione

355 1429 536 1502 tractantes,
558 1446 628 1491 mox
651 1427 708 1490 sibi
732 1426 857 1490 clericos
881 1426 1052 1492 cardinales
1068 1427 1242 1503 adhibeant,
1265 1428 1371 1509 sicque
1393 1428 1531 1508 reliquus

355 1513 456 1577 clerus
480 1516 512 1577 et
533 1513 666 1597 populus
690 1512 729 1576 ad
750 1531 936 1578 consensum
959 1532 1056 1577 novae
1079 1513 1236 1577 electionis
1259 1513 1414 1577 accedant

441 1617 467 1697 ξ.
490 1618 510 1678 2
533 1619 570 1680 ut
585 1653 626 1662 —
642 1615 790 1680 nimirum
813 1635 852 1680 ne
867 1615 1043 1680 venalitatis
1065 1616 1192 1679 morbus
1215 1615 1353 1697 qualibet
1374 1615 1531 1680 occasione

354 1702 537 1784 surripiam,
553 1739 594 1748 -
612 1701 746 1784 religiosi
762 1702 817 1764 viri
841 1701 1010 1785 praeduces
1027 1701 1090 1764 siut
1110 1700 1143 1764 in
1157 1701 1357 1784 promovendi
1379 1701 1531 1785 pontificis

354 1787 510 1864 electione,
533 1787 644 1869 reliqui
667 1790 772 1851 autem
795 1806 952 1868 sequaces.

440 1873 481 1935 m
503 1877 585 1938 certe
607 1876 710 1937 rectus
740 1875 837 1954 atque
857 1872 1015 1954 legitimus
1044 1873 1094 1936 bic
1116 1871 1274 1936 electionis
1294 1872 1376 1936 'crdo
1399 1891 1530 1955 perpen-

354 1958 445 2034 ditur,
469 1959 496 2022 si
517 1961 686 2042 perspectrs
709 1958 902 2022 diversorum
924 1963 1050 2042 patrum
1072 1958 1187 2041 regulis
1210 1958 1274 2022 sive
1297 1957 1407 2039 gestis,
1437 1958 1532 2021 etiam

354 2044 408 2108 illa
423 2044 505 2108 beati
520 2044 762 2128 praedecessoris
778 2045 889 2108 Leonis
906 2044 1061 2108 sententia
1076 2045 1246 2108 recolatur:
1271 2043 1410 2120 „Nulla,“
1421 2043 1531 2125 iuquit,

354 2129 449 2206 „ratio
472 2131 555 2212 sinit,
583 2133 620 2193 ut
640 2130 720 2193 iuter
736 2130 893 2214 episcopos
916 2130 1098 2205 habeantur,
1122 2130 1176 2211 qui
1197 2149 1255 2194 nec
1277 2148 1296 2192 a
1317 2129 1435 2193 clericis
1457 2134 1531 2193 sunt

354 2215 451 2291 electi,
479 2219 537 2280 ricc
556 2234 575 2279 a
596 2216 736 2313 plebibus
760 2216 901 2299 expetiti,
930 2235 988 2279 nec
1011 2235 1029 2278 a
1052 2215 1358 2299 comprovincialibus
1381 2215 1531 2298 episcopis

354 2321 425 2365 cum
448 2301 676 2384 metropolitani
698 2301 810 2366 iudicio
833 2301 1028 2366 consecrati.“
1072 2301 1153 2380 Quia
1168 2321 1239 2366 vero
1254 2301 1343 2365 sedes
1362 2301 1530 2384 apostolica

355 2388 474 2450 cunctis
492 2387 524 2450 in
548 2387 619 2450 orbe
641 2392 796 2452 terrarum
818 2386 993 2471 praefertur
1016 2387 1150 2451 ecclesiis
1174 2391 1267 2468 atque
1290 2387 1358 2450 ideo
1382 2405 1475 2470 super
1497 2406 1530 2450 se

354 2472 627 2556 metropolitanum
643 2473 755 2536 babere
771 2491 832 2537 non
847 2476 959 2556 potest,
981 2473 1152 2538 cardinales
1167 2473 1301 2556 episcopi
1316 2473 1423 2556 procul
1439 2472 1530 2537 dubio

354 2559 584 2641 metropolitani
606 2559 670 2623 vice
693 2558 881 2640 funguntur,
903 2559 958 2640 qui
979 2559 1122 2623 videlicet
1143 2560 1278 2623 electum
1300 2558 1474 2622 antistitem
1491 2557 1530 2622 ad

355 2644 514 2726 apostolici
537 2643 680 2708 culminis
703 2644 822 2727 apicem
843 2646 1026 2727 provehunt

440 2747 466 2828 §-
490 2749 519 2811 3.
541 2747 668 2828 Eligant
690 2751 796 2810 autem
819 2747 856 2812 de
879 2747 977 2831 ipsius
1001 2746 1147 2811 ccclesiae
1170 2746 1302 2828 gremio,
1329 2748 1356 2810 si
1377 2747 1531 2829 reperitur

352 2833 489 2909 idoneus,
512 2834 561 2897 vel
583 2831 610 2896 si
632 2831 669 2896 de
690 2832 760 2916 ipsa
780 2852 842 2897 non
864 2833 1029 2910 invenitur,
1051 2851 1088 2896 ex
1111 2832 1172 2896 alia
1194 2835 1380 2896 assumatur.

436 2937 505 3018 §d
536 2934 627 3000 Salvo
656 2934 759 2999 debito
787 2936 902 3000 honore
936 2939 968 3000 et
1001 2934 1174 2999 reverentia
1206 2934 1312 2998 dilecti
1344 2935 1399 2997 filii
1432 2934 1529 2997 nostri

351 3021 484 3098 Henrioi,
508 3021 561 3102 qui
576 3021 857 3104 inpraesentiarum
879 3039 932 3085 rer
947 3021 1081 3085 habetur
1103 3023 1135 3084 et
1149 3019 1275 3084 ferturus
1289 3021 1459 3102 imperator
1473 3019 1530 3085 deo

352 3106 537 3172 concedente
553 3109 704 3190 speratur,
727 3107 807 3170 sicut
828 3107 892 3170 iem
914 3107 972 3171 sibi
988 3106 1197 3172 concessimus
1220 3108 1251 3170 et
1273 3105 1528 3170 successoribus⁰l

354 3193 445 3269 illius,
468 3193 523 3275 qui
538 3192 576 3255 ab
592 3193 650 3256 hac
665 3193 833 3276 apostolica
847 3192 920 3256 sede
934 3192 1138 3276 personaliter
1152 3192 1210 3256 hoc
1224 3192 1273 3255 ius
1288 3191 1530 3274 impetraverint

440 3296 457 3377 ξ
481 3298 509 3358 5.
543 3294 661 3373 Quodsi
690 3315 857 3379 pravorum
884 3299 979 3377 atque
1008 3296 1186 3377 iniquorum
1212 3295 1376 3359 hondnum
1396 3295 1442 3357 ita
1462 3313 1531 3377 per-

353 3381 482 3446 versitas
504 3381 678 3458 invaluerit,
701 3384 737 3445 ut
758 3401 846 3465 pura,
869 3381 990 3446 sincera
1012 3384 1106 3463 atque
1128 3380 1266 3462 gratuita
1288 3380 1394 3445 electio
1409 3380 1475 3443 fieri
1498 3380 1530 3442 in

351 3467 436 3532 Urbe
447 3485 508 3530 non
520 3465 627 3549 possit,
639 3467 810 3531 cardinales
823 3467 924 3550 episco
936 3467 1041 3550 picum
1056 3465 1208 3548 religiosis
1224 3466 1341 3530 clericis
1357 3465 1531 3530 catholicis·

352 3571 412 3634 que
433 3551 527 3626 laicis,
548 3552 621 3616 licet
643 3552 758 3636 paucis,
780 3552 829 3616 ius
845 3554 1009 3636 potestatis
1032 3552 1193 3617 obtineant
1215 3553 1327 3633 eligere
1343 3552 1529 3636 apostolicae

352 3636 434 3702 sedis
456 3637 640 3722 pontificem,
663 3638 716 3701 ubi
739 3638 959 3720 congruentius
981 3638 1193 3703 iudicaverint

439 3743 466 3823 ξ.
482 3743 510 3806 6.
533 3741 629 3806 Plane
645 3745 812 3826 postquam
827 3742 936 3806 electio
950 3741 1044 3806 merit
1058 3742 1149 3818 facta,
1172 3741 1199 3804 si
1221 3739 1329 3803 bellica
1351 3742 1530 3822 tempestas,

352 3829 400 3891 vel
423 3827 648 3909 qualiscunque
671 3827 833 3892 hominum
855 3831 985 3892 conatus
1008 3826 1211 3910 malignitatis
1241 3824 1342 3889 studio
1372 3826 1530 3902 restiterit,

353 3915 390 3976 ut
404 3914 430 3977 is
453 3912 508 3995 qui
523 3913 639 3978 electus
656 3917 703 3978 est
725 3913 756 3977 in
780 3914 947 3997 apostolica
969 3914 1040 3978 sede
1055 3915 1143 3978 iuxta
1157 3910 1412 3976 consuetudinem
1434 3911 1530 3975 intro-

355 3999 452 4062 nizari
474 4001 661 4076 convaleat,
685 3999 801 4063 electus
825 4003 930 4064 tamen
947 3999 1028 4064 sicut
1048 4018 1131 4083 papa
1153 3997 1370 4062 auctoritatem
1392 3997 1530 4061 obtineat

353 4085 478 4166 regendi
501 4089 642 4151 sanctam
664 4085 839 4150 Romanam
862 4085 1024 4150 ecclesiam
1046 4088 1078 4149 et
1099 4083 1280 4167 disponendi
1303 4101 1410 4146 onmes
1432 4081 1530 4147 facul-

355 4173 435 4234 tates
465 4169 564 4246 iuius,
592 4171 673 4256 quod
702 4171 828 4235 beatum
853 4171 1037 4253 Gregorium
1060 4174 1132 4234 ante
1155 4168 1416 4233 consecrationem
1439 4187 1530 4231 suam

351 4255 462 4320 fecisse
484 4258 706 4338 cognoscimus.

440 4429 465 4498 a)
486 4427 533 4496 G.,
559 4427 700 4500 providere.
749 4427 778 4496 b)
804 4425 852 4491 G.,
882 4428 1016 4497 subrepat.
1063 4427 1088 4492 c)
1113 4425 1192 4494 Hugu
1218 4443 1241 4480 v.
1267 4424 1395 4492 Flaviguy
1427 4423 1531 4476 beasert

352 4515 539 4554 succemomm.
