3617 5284
373 571 438 635 226

458 743 590 807 Factum
611 742 644 806 in
665 743 820 808 territorio
841 743 938 826 Papie
960 741 1164 828 infrascriptis
1187 745 1270 822 locis,
1293 763 1374 809 anno
1397 763 1416 808 a
1437 745 1550 810 nativi-

372 830 438 893 tate
455 828 581 893 Domini
604 829 768 893 millesimo
791 831 959 894 centesimo
982 831 1212 913 septuagesimo
1235 831 1354 912 quinto,
1376 830 1551 914 imperante

371 915 540 992 lbedenoc,
564 934 644 979 auno
665 916 789 998 imperii
811 915 877 980 eius
899 915 1057 997 vigesimo,
1080 915 1247 981 indictione
1270 920 1387 981 octava.

456 1001 522 1083 Ego
544 1001 744 1078 Fantolinus,
771 1002 913 1066 notarius
942 1002 1058 1066 domini
1082 1001 1244 1067 Guelfouis
1266 1001 1354 1066 ducis
1377 1007 1409 1066 et
1431 1004 1470 1067 ab
1491 1003 1551 1066 im-

371 1089 512 1170 peratore
534 1087 695 1151 ltederico
718 1087 918 1152 confirmatus
947 1089 1062 1170 postea
1084 1091 1212 1169 rogatus
1234 1088 1400 1171 praedictis
1422 1088 1550 1153 interlui

372 1174 404 1237 et
424 1174 560 1270 iussione
582 1175 747 1237 consulum
769 1176 801 1237 et
821 1177 979 1239 rectorum
1000 1173 1184 1238 Lombardie
1215 1179 1247 1238 et
1267 1174 1406 1240 Marcbic
1434 1177 1467 1238 et
1488 1175 1551 1239 Ro·

371 1276 474 1322 mame
497 1279 557 1323 son
579 1277 615 1322 sr.

457 1345 523 1426 ligo
553 1279 675 1421 iectus,
698 1345 815 1408 donini
836 1345 991 1410 diederici
1014 1346 1208 1429 imperatoris
1231 1347 1386 1422 notarius,
1415 1347 1550 1410 autenti-

371 1449 443 1494 cum
465 1431 559 1494 buius
581 1430 714 1513 exempli
736 1431 807 1508 ridi,
834 1432 906 1512 legi,
929 1435 961 1495 et
983 1431 1082 1496 sicin
1104 1450 1139 1495 eo
1162 1433 1392 1509 continebatur,
1415 1433 1497 1496 sicut
1518 1432 1550 1494 in

370 1517 429 1614 boc
450 1515 565 1614 legitur
586 1518 724 1600 exemplo
745 1521 850 1602 preter
870 1517 977 1582 literas
993 1517 1065 1600 plus
1080 1517 1231 1596 minusve,
1253 1520 1285 1582 et
1299 1519 1358 1583 boc
1373 1519 1549 1601 exemplum

371 1620 487 1684 scnpsr.
928 1677 929 1680 Ἴ

456 1688 589 1752 Enricus
611 1687 764 1753 Guercius
793 1688 866 1753 fecit
894 1689 1095 1752 securitatem
1116 1707 1171 1773 per
1194 1708 1323 1754 manum
1345 1692 1378 1754 et
1398 1691 1549 1766 osculum,

371 1773 454 1855 quod
476 1775 647 1858 imperator
660 1774 842 1839 Fredericus
866 1776 984 1840 tenebit
1005 1775 1128 1839 firmam
1150 1779 1318 1858 treuguam
1332 1776 1549 1840 Alexandrinis

369 1878 471 1941 usque
502 1861 541 1923 ad
569 1859 708 1923 medinm
730 1860 872 1924 Juninm.
918 1861 960 1924 Et
986 1860 1064 1925 illud
1093 1860 1177 1925 idem
1199 1862 1272 1924 fecit
1294 1881 1396 1926 comcs
1421 1862 1547 1926 Saroie:

371 1947 403 2008 et
424 1947 469 2009 ita
500 1947 526 2010 si
547 1965 611 2010 non
632 1947 769 2009 tenuerit
789 1946 970 2030 imperator,
999 1946 1081 2028 quod
1103 1947 1228 2010 venient
1258 1951 1289 2010 et
1310 1948 1439 2011 mittent
1461 1966 1495 2011 se
1517 1947 1549 2010 in

371 2049 525 2096 carcerem
548 2032 587 2095 ad
602 2031 759 2096 Vercellas
780 2033 814 2094 in
835 2035 990 2116 potestate
1005 2032 1259 2096 bombardorum.
1294 2033 1368 2098 Otto
1390 2033 1549 2117 palatinus

370 2137 473 2182 comes
495 2123 527 2181 et
549 2118 751 2182 cancellarius
773 2118 851 2182 illud
873 2118 957 2182 idem
978 2117 1119 2182 fecerunt
1141 2118 1178 2182 dc
1202 2125 1335 2200 treugae
1356 2119 1492 2183 tenenda
1510 2120 1549 2183 ab

368 2203 555 2286 imperatore
578 2205 682 2269 osculo
705 2207 738 2268 et
757 2223 847 2287 pace,
879 2206 1005 2288 excepto
1032 2205 1114 2286 quod
1142 2224 1204 2268 non
1232 2205 1346 2269 debent
1368 2225 1401 2269 se
1424 2207 1548 2269 mittere

370 2290 401 2352 in
426 2308 580 2355 carcerem
601 2289 856 2354 lombardorum.

513 2462 548 2538 b)
573 2462 891 2546 Fricdmavoracblao
915 2463 973 2531 des
996 2463 1247 2531 lonbardiacbcn
1271 2463 1404 2531 Bundca.

732 2564 813 2633 (aron.
834 2564 921 2619 earm.
940 2564 1009 2633 regg,
1029 2564 1064 2630 ιι,
1086 2569 1133 2619 mr
1155 2565 1184 2630 r.)

454 2669 493 2734 In
513 2671 639 2736 nomine
662 2671 779 2736 domini
800 2672 898 2736 nostri
920 2671 999 2736 Jesu
1022 2671 1146 2735 Christi.
1181 2671 1319 2736 Societas
1341 2672 1546 2736 Lombardiae

371 2760 403 2823 et
424 2757 582 2822 Marchiae
616 2761 647 2821 et
669 2757 840 2822 Romaniae
862 2761 894 2821 et
915 2758 1056 2822 Veronae
1090 2760 1122 2820 et
1143 2757 1296 2822 Veneciae
1330 2759 1418 2840 optat
1452 2760 1547 2840 atque

370 2843 525 2908 desiderat
553 2844 667 2908 habere
694 2862 803 2927 pacem
831 2846 864 2907 et
891 2844 1085 2909 concordiam
1113 2848 1145 2906 et
1173 2844 1307 2924 gratiam
1330 2843 1445 2909 domini
1468 2845 1548 2927 rpi-

300 2955 305 2962 ·
369 2929 477 3013 denci)
499 2929 695 3012 imperaturis
716 2930 775 2994 boc
796 2930 896 3007 modo,

458 3019 485 3078 1.
507 3015 650 3080 videlicet
678 3019 714 3079 ut
742 3014 886 3080 dominus
915 3017 1082 3098 imperator
1104 3014 1218 3078 babeat
1238 3033 1347 3098 pacem
1370 3020 1402 3080 et
1424 3034 1547 3080 concor-

370 3100 453 3164 diam
475 3121 548 3166 cum
570 3105 767 3166 sacrosancta
787 3103 930 3166 Romana
951 3102 1088 3177 ecclesia,
1115 3101 1255 3164 omnium
1277 3101 1416 3164 lidelium
1438 3107 1546 3178 matre,

370 3190 402 3250 et
423 3186 563 3252 eiusdem
586 3188 732 3251 ecclesiae
755 3207 812 3252 suo
834 3187 985 3270 pontifice,
1008 3186 1121 3250 domno
1144 3187 1325 3250 Alexandro.

455 3273 497 3336 Et
517 3293 575 3338 nos
597 3273 747 3348 civitates,
770 3274 888 3337 scilicet
910 3273 1071 3350 Cremona,
1094 3272 1312 3350 Mediolanum,
1335 3272 1451 3350 Lauda,
1473 3273 1548 3336 Per-

369 3377 510 3441 gamum,
532 3359 686 3434 Ferraria,
709 3358 822 3437 Brixia
845 3360 984 3436 Mantua
1008 3357 1139 3435 Verona
1161 3357 1311 3436 Vicentia,
1333 3359 1449 3432 Padus,
1472 3359 1547 3422 Tar-

369 3445 491 3522 visium,
514 3445 654 3522 Venetia,
682 3445 830 3522 Bononia,
858 3446 1016 3518 Ravenna,
1039 3445 1224 3520 Ariminum,
1252 3445 1382 3522 Mutina,
1406 3445 1547 3527 Regium,

369 3531 492 3608 Parma,
514 3531 682 3608 Placentia,
704 3531 846 3608 Bobium,
866 3531 1015 3606 Terdona
1031 3531 1226 3606 Alexandria,
1243 3530 1390 3608 Vercelle,
1405 3531 1547 3607 Novaria,

371 3617 467 3701 Opizo
490 3618 627 3681 marchio
642 3617 826 3700 Malaspina,
848 3637 951 3681 comes
974 3617 1012 3680 de
1028 3616 1205 3691 Bertenore‚
1227 3616 1372 3680 Rufinus
1395 3617 1433 3680 de
1454 3617 1547 3680 Trina

370 3707 402 3767 et
424 3723 532 3769 omnes
554 3704 715 3768 castellani
738 3706 770 3766 et
791 3722 935 3786 persone,
970 3703 1022 3788 qui
1046 3703 1174 3766 suntin
1197 3702 1317 3766 unitate
1340 3703 1466 3767 ecclesie
1489 3702 1546 3766 Dei

370 3787 402 3854 'ct
422 3792 538 3867 nostra,
1268 3789 1273 3798 '

455 3877 485 3938 2.
506 3877 651 3940 volumus
673 3875 773 3940 facere
796 3876 921 3941 domino
943 3875 1121 3958 imperatori
1143 3873 1330 3958 F(riderico),
1361 3878 1487 3957 accepta
1509 3875 1547 3938 ab

370 3982 406 4027 eo
438 3981 529 4045 pace,
564 3962 682 4038 omnia,
719 3981 799 4043 quae
839 3964 1050 4025 antecessores
1081 3959 1180 4024 nostri
1215 3978 1233 4022 a
1266 3963 1406 4044 ternpore
1439 3961 1547 4025 mortis

369 4049 548 4132 posterioris
569 4048 695 4112 Henrici
725 4048 921 4130 imperatoris
951 4047 1196 4110 antecessoribus
1226 4047 1290 4110 suis
1313 4049 1379 4110 sine
1401 4047 1548 4110 violentia

369 4135 420 4199 rel
441 4138 528 4198 metu
550 4133 699 4199 iecerunt.

456 4223 486 4284 3.
518 4220 552 4285 Si
582 4221 620 4284 de
648 4220 708 4283 hoc
734 4221 802 4284 orta
828 4219 923 4283 fuerit
952 4219 1089 4299 questio,
1124 4217 1206 4299 quod
1234 4218 1371 4301 predicte
1398 4218 1547 4293 civitates,

370 4306 507 4371 marchio
530 4309 563 4369 et
584 4324 687 4370 cornes
716 4308 749 4369 et
770 4305 892 4386 singule
921 4323 1051 4388 persone
1073 4322 1180 4367 omnes
1202 4304 1295 4368 huius
1319 4305 1477 4368 societatis
1499 4304 1547 4368 vel

370 4393 438 4456 loca
459 4394 508 4457 vel
530 4394 741 4455 antecessores
763 4391 863 4455 nostn'
891 4392 958 4454 eius
981 4389 1226 4454 antecessoribus
1250 4409 1268 4453 a
1290 4390 1446 4473 praedicto
1468 4394 1548 4454 tem-

369 4497 443 4562 pore
465 4477 594 4542 iecerint
615 4477 681 4541 sine
696 4477 843 4541 violentia
856 4477 906 4542 vel
920 4479 1026 4556 metu,
1038 4476 1097 4541 boc
1112 4475 1285 4540 declaretur
1300 4477 1358 4541 sub
1374 4477 1547 4541 iuramento
