3617 5284
1381 521 1443 585 103

266 686 306 750 ad
335 688 494 752 dualem
516 689 655 753 fecimus.
698 689 839 754 Mirabile
861 692 895 753 et
914 689 1114 753 inscrutabile
1136 690 1286 755 iudicium
1307 691 1374 755 Dei.
1417 694 1446 756 A

267 773 364 837 tercia
379 793 479 856 usqne
495 775 533 839 ad
549 795 663 840 nonam
679 776 922 839 munitissimam
938 775 1104 853 civitatem,
1127 795 1208 858 quae
1223 795 1301 860 pene
1319 780 1445 842 contum

268 862 371 922 humes
393 861 543 937 habebat,
565 861 596 925 ri
618 861 773 944 cepimus,
801 860 873 943 igne
896 861 1039 926 uidelicet
1061 863 1093 925 et
1115 862 1234 943 gladio,
1263 865 1295 927 et
1316 863 1445 928 infinitis

267 945 375 1028 spoliis
398 947 545 1030 acceptis,
573 947 715 1030 pluribus
737 947 809 1028 igue
831 947 1038 1029 consumptis,
1067 946 1209 1012 funditus
1232 967 1301 1012 eam
1324 948 1446 1013 destru-

266 1031 379 1094 ximus.
421 1032 500 1096 Inde
527 1036 637 1097 euntes
665 1051 774 1097 versus
795 1035 971 1110 Anconam,
1000 1033 1195 1116 Paliologum
1217 1034 1445 1100 nobilissimum

267 1117 438 1200 principem
461 1119 632 1182 Grecorum
659 1121 692 1182 et
712 1117 929 1194 hiaroducam,
955 1119 1074 1182 socium
1103 1119 1185 1196 eius,
1214 1139 1286 1184 cnm
1316 1121 1445 1186 caeteris

266 1203 388 1266 nunciis
411 1203 746 1287 Constantinopoliteni
768 1206 873 1269 obvios
894 1203 1070 1268 habuimus.
1103 1203 1276 1283 euroin
1298 1207 1446 1288 Apuliam

266 1289 384 1352 iremus
406 1291 439 1352 et
460 1290 582 1354 hostem
604 1289 768 1372 utrimque
789 1289 913 1373 imperii
933 1289 1138 1354 Wilhelmum
1160 1291 1299 1374 potentia
1320 1292 1445 1356 umubs

267 1377 393 1438 nostrae
406 1379 565 1440 conterere
580 1376 739 1453 vellemus,
760 1375 915 1440 infinitam
929 1375 1093 1459 pecuniam
1107 1376 1196 1442 nobis
1218 1377 1291 1441 dare
1314 1397 1446 1462 spopon-

267 1460 389 1523 derunt
426 1460 508 1539 Quia
522 1481 593 1526 vero
614 1461 730 1525 milicia
750 1465 859 1526 nostra
878 1467 1005 1545 propter
1026 1462 1144 1526 multos
1165 1463 1288 1527 labores
1311 1465 1447 1528 ebbella

267 1544 361 1608 nimis
378 1547 487 1611 attrita
500 1547 569 1624 fuit,
591 1547 709 1631 placuit
729 1547 830 1630 magis
851 1547 1042 1630 principibus
1063 1547 1172 1625 redire,
1195 1567 1292 1630 quam
1313 1549 1346 1612 in
1359 1552 1445 1633 Apu·

266 1631 342 1694 liam
358 1632 551 1697 descendere.
589 1632 702 1715 Sisque
722 1633 811 1697 nobis
825 1632 1028 1698 redeuntibus
1044 1635 1076 1697 et
1091 1634 1198 1698 Grecis
1214 1653 1286 1699 cum
1301 1635 1446 1718 superbia

266 1716 479 1782 multitudinis
501 1737 577 1784 snae
599 1724 631 1783 et
652 1719 775 1802 copiosa
796 1719 929 1802 pecunia
949 1719 982 1781 in
997 1719 1145 1804 Apuliam
1167 1719 1321 1796 euntibus,
1343 1721 1445 1785 Palio-

267 1803 357 1884 logus
386 1806 460 1886 post
487 1805 636 1888 adeptum
657 1805 777 1868 Bamm
799 1807 830 1869 et
851 1804 1058 1869 munitionem
1080 1805 1273 1869 destructam
1295 1805 1385 1882 obiit,
1413 1809 1446 1871 et

266 1888 463 1966 Wilhelmus,
486 1893 672 1972 congregato
687 1890 832 1966 exercitu,
847 1893 975 1973 repente
989 1889 1022 1953 in
1037 1890 1154 1955 Grecos
1169 1891 1269 1970 irruit,
1291 1896 1323 1956 et
1336 1892 1445 1975 paucis

267 1974 367 2057 captis
382 1980 414 2038 et
428 1976 558 2041 caeteris
574 1975 689 2051 occisis,
710 1994 835 2040 omnem
849 1975 1014 2059 pecuniam
1035 1976 1247 2059 asportarit*).
1286 1977 1352 2042 Nos
1375 1997 1446 2042 vero

267 2077 340 2123 cum
366 2062 503 2126 maxima
529 2061 658 2127 victoria
687 2062 793 2126 aDeo
821 2062 910 2125 nobis
932 2061 1079 2145 prestita,
1107 2061 1233 2144 qualem
1261 2082 1333 2128 cum
1358 2064 1445 2128 mille

268 2145 454 2227 octingentis
494 2147 646 2212 militibus
685 2148 893 2229 conquisitam
931 2146 1018 2231 prius
1050 2166 1225 2229 numquam
1259 2148 1445 2227 audivimus,

265 2229 425 2296 Veronam
446 2252 547 2316 usque
591 2234 776 2297 ervenimus.
814 2232 957 2311 Qualiter
978 2233 1024 2296 illi
1044 2232 1077 2296 in
1098 2233 1259 2317 precipitio
1282 2233 1445 2300 cuiusdam

267 2317 383 2382 montis
396 2319 486 2383 nobis
499 2319 560 2382 insi
584 2320 628 2382 'as
650 2319 818 2402 posuerint,
841 2322 873 2383 et
894 2317 1029 2400 qualiter
1051 2338 1070 2383 a
1090 2319 1180 2384 nohis
1202 2319 1293 2384 occisi
1316 2322 1348 2384 et
1369 2319 1445 2385 duo-

266 2403 368 2467 decim
382 2405 525 2487 suspensi
540 2405 611 2482 sint,
632 2407 668 2468 tu
684 2404 808 2468 audish.
845 2404 913 2468 Scis
936 2404 1031 2468 etiam
1053 2405 1085 2468 in
1107 2403 1224 2483 ordine,
1246 2424 1342 2487 quam
1364 2405 1446 2471 inter

267 2487 396 2553 fratrem
427 2493 519 2555 tuum
546 2490 658 2555 ducem
686 2491 833 2555 Austriae
863 2493 895 2554 et
924 2490 1035 2555 ducem
1057 2490 1219 2555 Baioarias
1249 2491 1444 2556 concordiam

225 2647 230 2654 ¹
267 2573 445 2652 fecerimus,
472 2580 505 2640 et
534 2595 630 2659 quam
658 2576 790 2658 gloriose
812 2575 1004 2640 lhidericum
1026 2575 1059 2639 in
1081 2575 1256 2642 Coloniensi
1279 2577 1444 2660 archiepis·

267 2664 381 2744 copatu
402 2662 681 2727 sublimaverimus.
725 2661 812 2726 Haec
832 2681 934 2745 pauca
954 2662 1062 2745 paucis
1085 2662 1307 2745 comprehensa
1327 2664 1441 2729 illust'

266 2746 392 2829 ingenio
414 2751 469 2813 tuo
491 2747 652 2812 dilatanda
673 2751 706 2813 et
726 2748 965 2832 multiplicanda
986 2748 1183 2832 porrigimus.

452 2923 571 3010 lllll.
595 2924 762 3011 brientio
788 2923 1000 3023 hervertona,
1024 2923 1098 3010 luni
1123 2924 1264 3020 llit.**)

536 3025 704 3093 (Watterich,
722 3026 798 3079 Pont
817 3025 893 3080 Rom,
912 3024 990 3079 Vitae
1008 3024 1044 3092 H,
1063 3027 1116 3080 302
1134 3025 1173 3096 ff.)

351 3125 390 3189 In
409 3125 534 3190 nomine
549 3125 675 3190 Domini
688 3125 747 3190 Dei
763 3125 881 3190 aetemi
896 3128 929 3190 et
942 3124 1104 3190 salvatoris
1118 3125 1217 3189 nostri
1231 3125 1304 3190 Iesu
1320 3126 1444 3191 Christi.

266 3212 551 3308 limen-‘Ihrmino
573 3211 732 3276 Hadriano
753 3210 813 3276 Dei
838 3211 940 3294 gratia
966 3213 1092 3275 sanctae
1113 3211 1274 3276 Romanae
1297 3212 1443 3276 ecclesiae

357 3331 383 3400 *l
400 3329 451 3384 Die
468 3329 650 3399 griechischen
669 3328 821 3384 Gesandten
839 3345 939 3384 waren:
958 3327 1073 3382 Michsel
1091 3329 1249 3399 Pelaologns
1269 3349 1292 3385 u.
1311 3331 1445 3386 lohannes

266 3402 364 3456 Duces.
400 3401 460 3470 Vgl.
479 3399 544 3455 Otto
561 3399 627 3454 Fris.
647 3399 730 3454 Gesta
749 3401 785 3467 H,
811 3418 833 3455 c.
852 3404 895 3467 36,
920 3404 954 3454 37
980 3416 1005 3454 ιι.
1025 3403 1074 3466 4ος
1098 3399 1243 3454 Kimamos
1261 3401 1307 3469 IV,
1333 3407 1345 3455 1
1366 3419 1391 3456 u.
1411 3405 1443 3469 23

266 3472 377 3526 Nicetes
387 3471 424 3538 11,
446 3475 508 3537 1203
526 3469 591 3524 Vita
602 3471 742 3539 Hadriani,
759 3470 909 3524 Wattsrich
919 3470 955 3537 11,
975 3473 1026 3523 332
1045 3487 1071 3524 u.
1085 3486 1175 3524 ausser
1193 3471 1243 3524 don
1262 3471 1360 3526 bereits
1377 3473 1444 3526 oben

267 3540 856 3681 hrum
878 3538 1062 3666 silone
1074 3539 1355 3667 serent-eh
1372 3533 1445 3668 bo

268 3683 440 3752 Anmerlrung
457 3700 490 3736 zu
506 3699 547 3738 nr.
565 3681 694 3736 XXXVII
711 3681 836 3736 handeln.

357 3754 398 3820 **)
410 3752 559 3808 Watterich
569 3752 630 3821 gibt
648 3752 719 3806 disse
730 3752 856 3807 Urhundc
867 3752 936 3807 naeh
949 3751 1068 3818 Oeneius,
1085 3752 1153 3806 liber
1170 3769 1295 3806 censuum
1312 3753 1355 3808 iol.
1371 3754 1444 3808 raab

266 3843 293 3880 ιι.
313 3824 457 3890 Batonius,
474 3823 543 3879 nnn.
562 3823 623 3878 ecel
642 3823 677 3876 sd
695 3839 755 3877 ann.
777 3827 852 3878 1100.
888 3822 949 3890 Vgl.
968 3823 1036 3876 decu
1053 3823 1134 3876 Pruts
1152 3821 1180 3890 1,
1201 3827 1251 3878 108
1269 3823 1303 3890 f.;
1321 3823 1444 3878 Wciland

266 3897 295 3949 in
307 3894 400 3964 Sybels
418 3893 490 3949 Hist.
503 3893 655 3948 zeitschrift
671 3893 722 3948 Bd.
734 3897 778 3960 31,
797 3892 823 3947 S.
837 3898 902 3960 4613
921 3893 1033 3961 Jungler
1051 3909 1074 3948 a.
1094 3909 1118 3948 a.
1137 3892 1182 3959 0.;
1202 3893 1304 3948 Detloff
1319 3910 1343 3948 a.
1362 3909 1386 3948 s.
1399 3893 1444 3961 0;

268 3965 439 4021 Giescbrccht
447 3965 479 4030 V,
491 3968 541 4020 100
550 3965 583 4030 f.;
601 3963 720 4017 Ribbeck
732 3980 756 4019 a.
766 3979 790 4018 a
800 3963 832 4019 0.
847 3963 874 4018 S.
887 3967 920 4017 10
929 3964 970 4029 ff.;
988 3963 1133 4018 Varreutrs
1150 3980 1176 4045 p,
1189 3962 1241 4016 Zur
1250 3961 1408 4018 Geschiehie
1418 3965 1443 4020 d.

267 4036 293 4091 d.
306 4036 453 4090 Kaiserneit
470 4036 498 4089 in
516 4034 609 4104 Sybels
620 4034 693 4089 Hist
706 4034 832 4089 Zeitsom.
845 4038 889 4102 47,
902 4037 963 4088 407.
993 4023 1065 4087 llbcr
1077 4033 1120 4087 die
1174 4033 1383 4088 ehonrschtliehe
1396 4035 1445 4089 Be·

268 4107 320 4160 deu
412 4105 458 4160 dss
474 4105 644 4159 Konkordats
665 4104 717 4173 vgl.
735 4103 896 4171 Hinsebius,
923 4103 1027 4172 System
1054 4104 1100 4158 des
1117 4104 1300 4158 katholisehen
1318 4103 1445 4160 Kirohen·

268 4177 357 4232 rochis
397 4219 404 4242 ,
423 4180 473 4231 594
491 4176 519 4242 t,
537 4176 625 4241 6005,
637 4175 689 4242 III,
707 4179 768 4230 300.
795 4175 850 4228 Der
860 4174 955 4228 Frisde
972 4191 1022 4228 von
1040 4174 1174 4228 Benevent
1190 4174 1314 4228 verstiees
1331 4175 1380 4229 wie
1398 4175 1445 4230 der

267 4251 350 4302 etwas
361 4250 466 4318 spiterc
476 4245 570 4300 Frisds
581 4246 632 4299 mit
650 4245 700 4300 den
709 4245 824 4300 Romam
840 4262 926 4314 gegen
938 4245 989 4299 den
1000 4244 1165 4298 Konstanser
1176 4244 1215 4298 Ve
1292 4287 1298 4311 ,
1318 4244 1364 4299 der
1376 4262 1445 4299 zuar

269 4319 328 4373 dem
339 4317 489 4372 Wortlsuts
499 4317 568 4370 nach
580 4333 631 4370 nur
643 4315 780 4370 Friedrich
792 4315 980 4386 verpfliehtete,
999 4315 1092 4370 hainen
1104 4313 1259 4383 einseitigon
1309 4315 1382 4369 'eden
1394 4315 1445 4370 mit

268 4388 374 4444 Siciliae
383 4406 409 4444 u
420 4388 471 4442 den
480 4387 594 4441 Rdmcm
603 4386 764 4454 eumachen,
782 4387 841 4440 dem
851 4385 942 4442 Geiste
951 4386 1020 4440 nach
1030 4386 1092 4440 aber
1102 4384 1445 4454 dieglcieheVerbindlich·

269 4459 324 4514 keit
342 4459 382 4514 als
399 4456 663 4515 selbstverstdndlieh
680 4457 723 4511 ffir
741 4456 792 4512 den
810 4457 868 4513 Tsil
885 4459 1072 4524 vorsmsetnte,
1097 4473 1129 4510 su
1147 4455 1240 4511 dmsen
1260 4453 1382 4512 Gunslen
1399 4457 1446 4512 dor
