3617 5284
1368 555 1428 620 ret

114 715 128 740 ⁰
252 724 412 789 Romanam
432 724 675 788 Teutonicorum
695 723 832 809 impetus
854 729 1005 806 tanquam
1022 722 1186 790 Cauancus
1210 726 1290 790 alter
1303 725 1430 790 relictus

252 811 354 874 estin
376 811 547 888 aeternum,
579 813 618 874 ot
638 829 705 875 sem
744 830 761 874 r
783 811 823 874 ad
844 810 1050 876 cruditionem
1072 811 1173 895 ipsam
1195 811 1349 892 inquietet
1370 812 1432 876 vic·

252 899 366 978 tueque
395 899 528 973 corruat,
554 896 685 979 ipsaque
718 897 821 972 ortior,
850 897 966 978 gratior
992 899 1024 960 et
1046 897 1205 979 gloriosior
1228 897 1341 980 Sponsi
1362 896 1432 962 red-

251 982 345 1046 datur
366 983 559 1065 amplexibus
580 984 652 1065 post
665 983 869 1066 triumphum.
907 981 958 1047 Sic
980 983 1019 1046 ad
1041 984 1173 1064 gloriam
1193 987 1328 1066 patrum,
1351 985 1431 1047 teste

251 1068 452 1133 Lateranenei
474 1068 600 1151 palatio,
622 1068 676 1132 ubi
698 1069 756 1132 hoc
776 1068 995 1133 invisibilibus
1018 1069 1145 1151 picturis
1168 1075 1199 1133 et
1222 1069 1290 1133 laici
1311 1069 1432 1150 legunt,

252 1154 291 1217 ad
313 1155 444 1237 gloriam
466 1156 592 1236 patrum
621 1154 824 1230 schismatici,
853 1172 932 1235 quos
960 1154 1107 1218 secularis
1134 1159 1273 1238 potestas
1294 1155 1431 1230 intrusit

251 1240 366 1304 dantur
395 1239 593 1323 pontificibus
621 1259 677 1322 pro
705 1240 846 1317 scabello,
879 1243 912 1304 et
942 1259 1049 1304 eorum
1078 1240 1261 1305 memoriam
1290 1241 1432 1306 recolunt

251 1326 367 1408 posteri
388 1344 444 1409 pro
467 1325 668 1408 triumpho.*)

336 1411 449 1476 Libera
459 1412 575 1476 debent
585 1429 653 1475 esee
664 1410 786 1488 iudicia,
802 1413 834 1475 et
848 1411 992 1493 quisquis
1008 1430 1045 1476 ea
1058 1410 1174 1476 uiribus
1186 1411 1298 1476 nititur
1308 1414 1432 1495 pertur-

251 1497 332 1573 bere,
347 1497 512 1580 capitalem
527 1499 567 1561 ab
583 1497 719 1579 antiquis
734 1496 1008 1562 constitutionibus
1024 1501 1162 1562 meretur
1176 1515 1316 1581 poenam.
1334 1497 1431 1562 Porro

251 1583 458 1648 ecclesiastica
473 1583 587 1648 debent
608 1602 676 1647 esee
698 1583 864 1660 liberrima,
886 1585 918 1646 et
940 1583 978 1647 de
1000 1601 1159 1648 sacrorum
1173 1601 1328 1648 canonum
1343 1602 1432 1648 sanc·

252 1669 335 1733 tione
352 1669 433 1733 sicut
447 1669 555 1734 electio
570 1669 703 1753 pastoris
725 1673 774 1733 est
794 1668 827 1732 iu
850 1669 980 1733 ccclesia
1000 1669 1096 1734 bbere
1118 1670 1151 1733 et
1172 1670 1238 1734 eine
1253 1669 1431 1734 mundanae

250 1756 416 1837 potestatis
431 1755 697 1838 prenominationc
712 1755 903 1832 celebranda,
927 1756 972 1819 sie
993 1755 1103 1820 eadem
1126 1756 1158 1818 in
1174 1756 1304 1820 ecclesia
1319 1774 1337 1820 a
1351 1755 1431 1819 iudi·

250 1841 337 1905 cibus
369 1841 600 1917 ecelesiasticis,
632 1841 744 1905 amotis
778 1841 970 1905 secularibus
1003 1840 1254 1922 terribilibusque
1282 1841 1431 1923 personis,

250 1927 421 1991 secundum
448 1927 573 2008 regulas
601 1926 825 1991 ecclesiasticae
852 1926 1058 1990 examinanda
1085 1929 1149 2001 est;
1182 1926 1329 2008 quicquid
1357 1945 1430 1992 vero

250 2014 357 2076 eontra
370 2012 588 2095 praesumitur,
610 2013 642 2075 in
656 2012 783 2075 irritum
797 2012 972 2076 devocatur.
1005 2015 1047 2076 At
1061 2012 1147 2088 haee,
1169 2013 1256 2076 velut
1272 2012 1304 2075 in
1319 2013 1430 2078 caruis

250 2102 283 2161 θῖ
302 2099 362 2162 sub
383 2098 494 2180 gladio,
516 2099 609 2162 minis
625 2102 657 2161 θῖ
670 2097 840 2163 terroribus
856 2117 928 2181 spes
943 2097 1180 2162 examinationis
1196 2117 1215 2162 a
1229 2097 1432 2181 simplicibus,

250 2203 270 2246 a
291 2184 481 2248 meticulosis
503 2183 718 2248 fraudulenter
739 2186 772 2248 et
785 2185 938 2249 violenter
958 2186 1086 2260 extorta,
1108 2183 1264 2261 adelosie,
1286 2183 1430 2249 violentis

249 2275 282 2333 et
302 2270 465 2335 mabtioeis
487 2273 596 2334 cenae
622 2270 671 2334 iue
693 2273 726 2334 θῖ
746 2269 794 2334 iae
815 2269 1018 2354 praecipitata
1033 2273 1089 2334 est

312 2355 396 2435 Quid
410 2359 517 2420 tamen
528 2355 714 2438 inquisitum
726 2361 784 2433 eet,
799 2355 874 2438 quid
884 2355 1077 2438 probatum?
1099 2355 1210 2421 Utriue
1222 2355 1339 2420 scilieet
1350 2356 1430 2420 elec

250 2445 354 2505 torum
365 2442 512 2507 canonica
522 2447 579 2506 aut
594 2441 699 2506 sanior
713 2444 796 2506 esset
808 2442 925 2519 electio,
939 2440 1014 2507 faeti
1026 2440 1167 2523 quaestio
1179 2441 1387 2506 simulabatur
1398 2443 1430 2505 ct

250 2527 334 2591 iuris.
360 2527 492 2592 Ilactnm
506 2528 613 2609 itaque
627 2528 788 2592 voluntate
798 2527 905 2610 partis,
921 2546 1001 2609 quae
1013 2527 1100 2611 ponit
1119 2545 1245 2592 carnem
1267 2527 1429 2592 brachium

249 2631 351 2690 suum,
365 2614 559 2696 propositum
570 2616 619 2678 est
630 2613 847 2697 etprobatum.
868 2613 1041 2678 Probatum
1053 2615 1109 2690 eet,
1120 2614 1258 2695 inquam,
1270 2612 1429 2678 Victorem

249 2700 351 2763 solum
372 2700 507 2764 electum
529 2717 549 2763 a
569 2699 691 2764 saniore
705 2703 794 2783 parte
817 2699 1028 2776 cardinalium,
1050 2699 1198 2783 petitione
1219 2699 1334 2782 populi,
1358 2718 1430 2764 oon·

248 2789 387 2850 musnet
401 2784 552 2850 desiderio
567 2784 649 2861 cleri,
664 2787 697 2848 θῖ
712 2784 892 2849 solemniter
904 2785 1143 2850 umentorum-J
1159 2785 1296 2854 locatum
1312 2803 1380 2850 esee
1394 2785 1428 2850 in

248 2869 747 2954 eedePetri,praesenteRollaudo
756 2869 1101 2948 ctnoncontradicente,
1112 2871 1208 2936 immo
1216 2871 1429 2936 consentiente

249 2961 281 3020 et
301 2959 368 3022 anie
390 2957 510 3022 clericis
531 2956 754 3040 praecipiente,
781 2959 819 3020 ut
839 2956 868 3020 ei
890 2955 1065 3034 obedirent,
1092 2975 1186 3038 quem
1207 2957 1240 3021 iu
1262 2956 1335 3022 sede
1358 2975 1430 3040 apo-

248 3042 357 3107 stolica
370 3042 518 3107 videbant
533 3041 682 3126 pontificii
704 3041 879 3124 insignibus
901 3041 1090 3107 decoratum.
1122 3041 1191 3107 Hoc
1212 3061 1336 3126 quoque
1359 3061 1429 3126 pro-

247 3129 357 3193 batum
373 3130 429 3204 eet
452 3126 536 3210 quod
550 3127 731 3193 duodecimo
746 3127 797 3192 die
811 3130 883 3211 post
895 3128 1121 3212 promotionem
1136 3127 1269 3194 Victoris
1285 3147 1428 3210 egressus

248 3215 288 3279 ab
302 3215 378 3279 urbe
394 3213 567 3278 Bollandus
589 3232 685 3297 prope
700 3216 816 3278 terram
832 3213 935 3278 Seeuli
958 3215 990 3278 in
1005 3214 1071 3279 loeo
1085 3233 1149 3280 non
1163 3215 1276 3278 celebri
1291 3215 1429 3298 primum

247 3303 296 3364 eet
323 3301 556 3365 inmutatum).
599 3301 737 3368 Annon
766 3300 929 3384 inspexisti
957 3299 1146 3383 probationis
1167 3299 1318 3364 modum?
1362 3299 1430 3366 Hoc

247 3386 330 3450 enirn
344 3387 527 3452 iuraverunt
540 3385 676 3450 decanus
691 3385 834 3451 basilicae
856 3385 965 3470 bicati)
980 3385 1066 3450 Petri
1088 3391 1121 3450 θῖ
1145 3386 1206 3450 duo
1227 3385 1339 3451 irauee
1361 3386 1428 3451 eius

245 3471 279 3535 iu
304 3489 438 3555 persona
463 3472 562 3536 totius
584 3471 728 3555 capituli,
757 3471 939 3536 iuraverunt
965 3476 997 3536 et
1018 3471 1153 3554 religiosi
1188 3477 1322 3536 rectores
1355 3472 1429 3538 oleri

246 3557 397 3634 Romani3
430 3558 489 3623 hoc
508 3557 612 3641 ipsum
641 3556 817 3640 praelectus
843 3557 961 3622 orbisll
992 3562 1025 3622 et
1053 3558 1105 3622 elii
1134 3558 1216 3622 eires
1244 3557 1346 3623 imore
1376 3559 1430 3624 ob-

245 3644 396 3719 tulerunt,
410 3643 465 3708 sed
476 3645 660 3709 clericorum
673 3643 838 3708 dumtaxat
851 3647 978 3727 recepta
992 3647 1067 3708 eunt
1080 3643 1264 3721 iuramenta,
1281 3643 1429 3726 quoniam

245 3729 323 3794 haec
344 3729 449 3795 omnia
469 3731 685 3795 trmtaverunt
705 3728 851 3794 manibus
872 3729 948 3794 suis

334 3859 360 3922 a)
381 3855 467 3912 Gilee:
485 3857 671 3912 iumentatum.
706 3856 736 3927 b)
756 3855 844 3911 Gilee:
862 3857 959 3910 verbis.

335 3927 361 3994 ’)
381 3926 447 3982 Eine
468 3927 590 3981 dhnlicbe
613 3927 779 3996 Auelaeenng
799 3926 884 3981 findet
905 3926 961 3980 sich
980 3926 1009 3980 in
1028 3925 1074 3980 der
1091 3929 1242 3995 genannten
1259 3943 1300 3996 ep.
1318 3943 1358 3982 nr.
1378 3931 1426 3983 48:

247 3997 334 4064 „Nam
352 4000 410 4052 tota
427 3998 496 4052 ferre
513 3998 624 4051 eeclesia
642 3997 761 4051 Romane
778 3997 808 4051 in
825 4001 901 4067 parte
917 3997 1061 4051 Alexandri
1079 3999 1128 4051 eet.
1161 3996 1318 4051 Incredibile
1339 4001 1427 4052 autern

245 4073 300 4134 eet,
327 4068 397 4139 quod
456 4083 484 4122 rr
508 4068 557 4122 illa
636 4067 660 4121 it
677 4068 795 4122 obtinere
812 4071 841 4122 et
857 4067 1008 4138 praevalere
1026 4083 1073 4150 per
1089 4065 1235 4134 hominem,
1261 4067 1304 4121 cui
1321 4067 1427 4122 iustitia

246 4139 328 4205 deest,
347 4139 390 4194 cui
446 4139 534 4192 minue
588 4142 723 4193 vereatur.
751 4137 803 4192 For
823 4155 881 4192 vero
898 4138 928 4192 in
944 4137 1040 4192 humili
1058 4153 1122 4191 earu
1157 4137 1319 4192 reovaluieee
1336 4139 1428 4192 crebra

244 4209 383 4264 recolimus
408 4209 548 4277 relatione,
593 4225 642 4263 uoe
668 4207 806 4263 Gallicana
831 4209 931 4278 recepit
952 4211 981 4262 et
1007 4209 1073 4262 fovit
1099 4155 1225 4274 eeclesia,
1252 4209 1281 4262 et
1297 4208 1426 4262 infelicem

245 4280 345 4333 exitum
370 4295 472 4347 corum,
496 4297 561 4362 quoe
615 4280 797 4333 entonicoe
818 4279 967 4403 impetus
991 4278 1146 4332 introduxit
1189 4277 1233 4332 Sic
1257 4279 1429 4334 obtinuenmt

245 4350 408 4420 temporibus
424 4352 523 4404 noetne
534 4350 702 4404 Innocentius
720 4350 846 4404 adversus
880 4353 976 4417 etrum,
995 4349 1114 4405 Calixtus
1133 4349 1257 4402 adversus
1271 4349 1427 4418 Burdinum,

245 4419 369 4474 Urbanus
386 4419 512 4474 adversus
526 4419 683 4488 Wibertnm,
702 4420 839 4474 Paachalie
859 4420 985 4474 adversus
1003 4424 1067 4488 tres,
1085 4419 1232 4488 albertum,
1251 4419 1426 4490 Magnulium,

244 4489 449 4558 Theodericum,
471 4493 500 4545 et
522 4491 601 4546 mulli
621 4490 744 4545 similiter
761 4491 790 4545 iu
809 4491 902 4546 diebus
920 4495 1055 4562 patrom.“
