3617 5284
381 583 424 648 36

470 752 579 818 Sermo
611 752 690 816 mihi
727 753 776 816 est
803 751 843 815 ad
871 753 915 828 te,
943 752 1057 835 popule
1086 750 1228 816 sublimis
1255 752 1287 814 et
1314 749 1461 824 illustris,
1490 767 1562 812 cum

381 841 441 904 sim
470 839 539 902 vilis
571 839 744 920 exiguaque
765 856 899 920 persona
920 855 956 901 ac
978 837 1094 901 nullius
1116 857 1195 920 pene
1216 835 1367 901 momenti
1389 835 1563 898 homuncio.

379 926 416 990 Id
440 925 566 1006 quidem
587 923 798 987 verecundum
820 926 915 1004 atque
940 941 1105 987 onerosum
1128 923 1205 986 mihi
1231 920 1452 994 consideranti,
1482 920 1561 1068 quis,

380 1012 493 1092 quibus
515 1010 662 1084 scribam,
694 1009 849 1090 simulque
872 1027 969 1090 quam
992 1009 1081 1072 aliter
1109 1009 1168 1073 boc
1195 1008 1274 1071 alius
1295 1006 1432 1071 iudicare
1454 1006 1560 1088 possit.

380 1097 443 1162 Sed
473 1096 572 1160 levius
594 1114 663 1158 reor
691 1093 877 1158 verecundia
899 1094 982 1178 apud
1003 1094 1144 1158 homines
1167 1093 1350 1176 periclitari,
1374 1110 1469 1173 quam
1491 1111 1562 1154 con-

384 1181 525 1246 demnari
554 1180 636 1264 apud
662 1179 766 1244 Deum
796 1179 932 1256 silentio,
965 1180 1029 1244 veri
1062 1181 1275 1243 taciturnitate
1303 1181 1336 1243 et
1364 1176 1562 1242 absconsione

382 1268 529 1331 iustitiae.
571 1265 643 1348 Ipse
666 1265 749 1329 enim
772 1265 863 1329 dicit:
892 1265 1055 1329 Annuntia
1079 1267 1192 1350 populo
1219 1284 1289 1329 mec
1319 1264 1565 1328 scelerosorum

382 1353 455 1436 (Ina
484 1351 601 1427 LVHI,
632 1350 671 1433 1).
722 1351 791 1413 Erit
818 1350 896 1414 mihi
926 1351 1080 1416 1111111111
1111 1351 1326 1416 testimoninm
1356 1353 1428 1414 ante
1455 1347 1567 1412 faciem

381 1438 522 1515 Domini,
544 1437 571 1500 si
593 1436 694 1500 dicere
715 1439 837 1519 potero:
869 1437 939 1501 Iust
940 1437 1070 1500 itiamt
1056 1440 1145 1500 tuam
1166 1456 1228 1501 non
1252 1436 1429 1500 abscondi
1420 1454 1451 1498 111
1475 1434 1564 1498 corde

382 1543 461 1601 meo,
483 1523 647 1587 teutatem
669 1525 758 1585 tuam
781 1526 814 1586 et
836 1522 1009 1586 salutaret
995 1526 1086 1586 tuum
1109 1522 1171 1586 dixi
1194 1523 1312 1605 (Psalm
1334 1521 1477 1597 XXXIX,
1503 1520 1564 1602 11).

381 1611 443 1674 Pro
472 1607 651 1673 huiusmodi
676 1626 751 1672 sane
778 1627 838 1672 non
869 1627 983 1684 vereor,
1006 1607 1149 1690 quamvis
1177 1607 1362 1672 verecundia
1382 1607 1563 1682 reluctante,

382 1715 438 1780 pro
459 1713 532 1758 mea
552 1693 746 1775 ignobilitate
769 1693 901 1758 scribere
924 1693 962 1758 de
984 1693 1152 1775 longinquo
1169 1693 1207 1758 ad
1222 1693 1372 1777 populum
1395 1693 1563 1774 gloriosum

384 1783 479 1863 atque
493 1781 542 1844 his
560 1779 673 1842 litteris
695 1780 940 1844 transmontanis
963 1779 1013 1844 sui
1034 1780 1171 1863 ipsorum
1188 1779 1315 1863 periculi
1330 1780 1424 1860 atque
1446 1778 1564 1861 peccati

384 1883 581 1932 commonere
609 1865 782 1941 Romanos,
811 1865 839 1929 si
867 1864 946 1930 forte
976 1863 1104 1928 audiant
1133 1870 1165 1929 et
1186 1866 1356 1948 quieseant.
1400 1863 1477 1943 Quis
1499 1864 1565 1939 soit,

384 1953 410 2016 si
433 1952 615 2017 convertant
615 1969 653 2013 ur
600 1948 714 2013 1111
736 1969 860 2033 precem
882 1951 1042 2034 pauperis,
1076 1951 1131 2034 qui
1163 1971 1225 2016 non
1247 1950 1363 2016 cedunt
1349 1950 1565 2034 tpotentium

384 2035 678 2210 11111111
699 2035 1565 2218 11111111111111111111111111

384 2228 403 2273 1
436 2206 619 2272 sensibus
611 2206 726 2303 iniquis
758 2207 912 2272 iudicibus
946 2207 1055 2272 scduot
1041 2210 1093 2271 tus
1127 2206 1244 2282 fuerat,
1274 2227 1417 2272 reversus
1445 2210 1494 2271 est
1524 2207 1564 2270 111

384 2293 543 2369 iudicium,
572 2291 671 2356 etsie
699 2295 841 2358 servatus
869 2295 919 2357 est
945 2293 1072 2375 sanguis
1101 2293 1243 2358 innoxius
1271 2293 1304 2357 in
1327 2293 1375 2356 die
1397 2292 1472 2356 illa?
1515 2292 1565 2356 Ita

384 2398 469 2444 nnnc
491 2397 630 2461 quoque,
656 2378 714 2442 etsi
745 2378 926 2443 adolescent
928 2379 998 2443 ulus
1028 2398 1099 2442 sum
1122 2397 1178 2461 ego
1201 2382 1233 2443 et
1254 2382 1452 2462 contemptus
1475 2377 1565 2461 (adu-

384 2465 576 2529 lescentulus
603 2463 683 2540 dieo,
716 2483 778 2528 non
808 2483 960 2530 annorum
989 2463 1159 2547 paucitate,
1188 2464 1241 2529 sed
1270 2465 1480 2545 meritorum),
1512 2483 1567 2546 po·

388 2554 459 2615 tens
497 2553 546 2614 est
577 2551 684 2612 tamen
717 2549 803 2614 Deus
837 2550 911 2614 dare
944 2550 1039 2615 etiarn
1072 2551 1137 2614 voci
1170 2569 1257 2614 meae
1291 2569 1398 2615 vocem
1430 2549 1564 2624 virtutis,

388 2655 444 2720 per
477 2654 572 2717 quam
604 2634 674 2710 liat,
706 2636 743 2699 ut
776 2638 808 2700 et
839 2636 866 2700 is
898 2636 1046 2719 populus,
1082 2655 1176 2717 quem
1209 2635 1409 2700 nihilominus
1442 2637 1564 2700 constat

389 2741 457 2788 ease
479 2721 659 2795 seductum,
688 2721 727 2784 ad
754 2721 904 2785 iudicium
934 2723 1115 2785 revertatur.
1158 2721 1230 2786 Mea
1260 2741 1332 2803 ergo
1360 2721 1496 2786 defensio
1524 2721 1562 2784 ad

387 2826 455 2883 eos,
490 2807 544 2888 qni
576 2804 654 2869 mihi
686 2806 759 2870 binc
790 2806 869 2871 forte
902 2807 1149 2871 succensendum
1181 2807 1443 2890 indignandumve
1472 2810 1563 2890 puta-

387 2893 495 2970 verint,
516 2893 594 2955 baec
615 2890 665 2955 sit.

474 2977 508 3042 Si
542 2995 645 3058 neque
676 2979 735 3042 boc
768 2977 846 3042 satis
875 2981 936 3056 est‘,
973 2978 1067 3042 etiem
1096 2977 1180 3042 istud
1215 2978 1331 3044 adiicio.
1380 2979 1562 3043 Communis

389 3066 438 3128 est
463 3081 573 3140 eausa,
602 3063 634 3126 et
659 3082 722 3127 non
751 3064 800 3128 est
821 3063 977 3128 distinctio
999 3063 1105 3147 pusilli
1126 3066 1158 3128 et
1180 3065 1293 3146 magni.
1337 3065 1432 3128 Dolor
1454 3083 1564 3147 nempe

387 3149 420 3212 in
449 3148 549 3231 capite
572 3150 635 3224 111,
664 3168 701 3212 ae
725 3168 782 3232 per
802 3149 861 3214 hoc
882 3149 1010 3214 minime
1033 3149 1153 3214 alienus
1174 3169 1215 3214 ne
1238 3169 1257 3214 1
1277 3149 1415 3214 minimis
1439 3149 1563 3231 quidem

387 3236 437 3299 vel
459 3233 606 3298 extremis
629 3235 805 3317 quibusque
827 3237 962 3319 corporis
984 3235 1133 3319 partibus.
1169 3235 1235 3300 Nec
1258 3255 1277 3300 a
1298 3256 1348 3301 me
1372 3255 1452 3316 ergo.
1488 3234 1564 3299 Per·

386 3319 473 3384 venit
501 3321 636 3402 profecte
663 3339 765 3416 usque
787 3320 827 3384 ad
848 3340 915 3398 me,
943 3320 1085 3402 quamvis
1109 3322 1249 3386 omnium
1271 3313 1450 3397 minimum,
1480 3321 1566 3384 dolor

387 3406 543 3470 maximus
570 3406 647 3482 iste,
681 3406 755 3487 quia
782 3406 937 3471 maximus
960 3409 1052 3471 este
1036 3408 1171 3489 etquia,
1193 3427 1264 3472 111111
1288 3407 1330 3472 sit
1351 3407 1476 3490 capitis,
1503 3425 1563 3471 non

387 3495 491 3574 potest
512 3510 573 3555 non
596 3510 664 3556 esse
686 3495 719 3556 et
740 3493 885 3574 corporis,
908 3492 995 3556 cuius
1017 3495 1194 3558 membrum
1217 3513 1287 3557 sum
1310 3513 1375 3574 ego.
1403 3492 1564 3574 Numquid

387 3597 450 3641 non
473 3577 595 3641 dolente
625 3578 726 3660 eapite
747 3579 863 3642 clamat
883 3579 992 3660 lingua
1012 3597 1067 3661 pro
1089 3579 1232 3644 omnibus
1255 3581 1388 3662 corporis
1409 3577 1565 3656 membris,

388 3663 421 3725 in
450 3662 549 3745 capite
572 3682 606 3726 se
628 3663 731 3728 dolere
767 3665 799 3728 et
829 3665 933 3728 omnia
954 3682 1009 3746 per
1031 3664 1135 3744 ipsum
1157 3684 1251 3729 suurn
1274 3668 1383 3748 caput,
1409 3683 1565 3745 suumque

388 3748 498 3832 ospitis
513 3747 652 3812 latentur
673 3748 925 3814 incommodum?
950 3749 1073 3814 Dimittr
1050 3751 1106 3814 tite
1121 3749 1256 3834 proinde,
1280 3769 1395 3831 quaeso
1410 3749 1514 3813 dimit
1514 3751 1566 3825 ie,t

388 3837 426 3897 ut
446 3833 595 3916 plangam
616 3835 781 3917 paululum
803 3836 886 3918 apud
907 3854 962 3899 vos
984 3834 1122 3900 dolorem
1144 3855 1266 3913 meum,
1288 3855 1346 3900 neo
1368 3854 1473 3899 meum
1497 3839 1565 3899 tan·

388 3921 472 3995 tum,
502 3919 556 3983 sed
588 3923 620 3983 et
649 3921 746 3984 totius
767 3921 932 3986 Ecclesiae.
976 3919 1121 3985 Nonne'
1113 3920 1210 4004 ipsius
1240 3940 1297 3985 vox
1327 3926 1375 3985 est
1361 3919 1490 3985 thodie
1512 3939 1567 4003 per

388 4003 570 4068 universum
599 4006 772 4069 mundum:
806 4006 910 4091 Captu
896 4009 1044 4071 tmeum
1073 4006 1179 4084 doleo,
1204 4010 1302 4103 ¹eaput
1327 4025 1434 4070 meum
1457 4007 1566 4071 doleo?

389 4088 467 4168 Quis
489 4109 627 4172 namque
649 4093 698 4155 vel
719 4092 908 4157 novissimus
930 4090 1209 4157 Christianorum'
1201 4112 1234 4155 n1
1256 4095 1323 4157 toto
1346 4091 1387 4157 sit
1409 4093 1489 4169 orbe,
1513 4092 1566 4173 qui

388 4308 473 4363 insJ
495 4307 1186 4378 1141111111111111111111111.1141111111111.
1223 4305 1246 4360 Ε
1297 4306 1567 4388 11Π.11111“1111111

388 4353 847 4434 Ν111111111116.17,1“1111111111.
867 4378 958 4432 kehrte
977 4395 1020 4432 am
1039 4378 1156 4432 33.Dea
1176 4377 1244 4431 nach
1302 4395 1329 4430 m
1347 4378 1458 4442 zurllclt3
1478 4377 1504 4430 in
1524 4377 1567 4430 die

387 4449 574 4505 Zwischenzeit
591 4380 672 4504 failen
689 4466 782 4503 nnsere
794 4449 888 4504 Briele.
919 4449 975 4502 Das
993 4449 1135 4502 Schreiben
1153 4465 1186 4502 an
1206 4448 1256 4501 den
1273 4448 1361 4518 Kbnig
1379 4447 1416 4503 ist
1434 4419 1567 4502 vielleieht

388 4520 556 4590 gleichzeitig
580 4522 630 4574 mit
654 4521 701 4574 der
723 4520 819 4592 pllpstl.
840 4518 1055 4588 Gesandtschalt‚
1079 4519 1136 4574 Juli
1157 4523 1231 4574 1145.
