3617 5284
358 538 398 602 16

439 709 506 791 Ego
528 708 695 773 notharius
723 727 777 772 rer
797 708 946 790 promitto
969 708 1000 771 et
1022 705 1090 770 iuro
1112 707 1169 770 tibi
1191 705 1316 772 domino
1338 725 1418 790 pape
1440 707 1535 772 Inno-

355 795 455 859 centio
476 796 603 878 tnisque
625 794 853 858 suceessoribue
882 793 1084 858 securitatem
1104 793 1167 856 vite
1191 796 1223 856 et
1246 793 1376 857 membri
1399 796 1432 857 et
1453 795 1536 860 male

355 880 520 963 captionis,
548 884 581 944 et
609 879 774 944 defendere
806 882 958 963 papatum
988 883 1019 942 et
1047 879 1197 942 honorem
1225 882 1330 954 tuum,
1356 882 1389 942 et
1417 880 1535 962 regalia

356 967 456 1031 sanati
484 965 570 1031 Petri
599 985 660 1048 qne
688 965 784 1031 habes
811 985 908 1030 manu
938 969 1060 1042 tenere,
1088 968 1120 1028 et
1148 983 1209 1047 qne
1237 984 1299 1028 non
1329 964 1424 1030 habos
1450 965 1537 1030 iuxta

355 1071 463 1116 meum
484 1071 576 1136 posse
597 1070 788 1135 recuperare.

355 1226 390 1300 b)
415 1225 547 1310 eaviuu
570 1225 728 1293 lunooanz’
753 1224 784 1293 u.
812 1223 867 1292 air
888 1224 1006 1292 lobni
1028 1223 1070 1292 ΙΙΙ.
1101 1225 1182 1292 botr.
1211 1223 1261 1311 dio
1286 1222 1452 1292 inventitii
1481 1226 1538 1293 dai

642 1327 792 1396 Risettta
813 1328 874 1395 ond
896 1315 986 1409 liti,
1009 1325 1038 1398 8.
1060 1327 1124 1394 lunt
1148 1323 1257 1409 titi.*)

728 1438 816 1507 (aare,
834 1439 1000 1493 Bibliotheca
1017 1439 1050 1508 u,
1070 1443 1121 1496 aaa
1139 1439 1169 1506 i.)
1233 1509 1236 1516 ⁴

520 1568 761 1651 mtnltipllioiter
786 1569 949 1634 eooleeiam
973 1567 1060 1632 filiali
1083 1567 1244 1634 affectione
1266 1569 1395 1650 diligere
1417 1572 1450 1632 et
1471 1587 1540 1633 eam

358 1673 377 1717 a
404 1673 573 1751 pravorum
600 1654 765 1720 hominum
793 1655 989 1719 infestatione
1019 1672 1050 1717 m
1067 1702 1074 1718 .
1090 1703 1120 1718 ..
1150 1655 1216 1738 (ad)
1248 1654 1538 1739 apostolicaesedis

358 1739 600 1837 sollicitudinem
624 1744 769 1839 'speetare
792 1741 1003 1838 cognomino,
1034 1743 1072 1804 nt
1094 1740 1133 1804 ad
1154 1741 1375 1837 exaltationem
1397 1741 1484 1823 regni
1507 1744 1540 1805 et

359 1826 500 1890 deoorem
522 1845 644 1923 impem
666 1827 830 1909 diligenter
852 1826 1038 1924 invrgtilare)
1062 1873 1069 1888 .
1092 1873 1099 1888 .
1122 1874 1128 1889 .
1151 1846 1184 1890 ιιι
1207 1875 1214 1889 .
1236 1875 1243 1889 .
1267 1875 1274 1890 .
1296 1827 1445 1911 (potore,
1471 1845 1540 1892 eoo-

357 1915 485 2009 perante
499 1911 655 2008 Domino,
679 1916 802 1995 satagat
824 1911 989 1977 custodire.
1034 1911 1181 1976 Ceterum
1202 1931 1351 2009 personae
1374 1916 1447 1977 tuae
1469 1932 1540 1996 pro·

359 1997 468 2061 babilis
495 2017 527 2060 in
557 1997 618 2061 fide
646 1998 798 2063 catholiea
826 1999 959 2062 firmitas
989 2001 1022 2061 et
1047 2015 1250 2080 perseverans
1272 2018 1304 2062 m
1328 1999 1412 2148 qm)
1435 2017 1540 2064 amore

361 2084 540 2148 oonstanoia
570 2087 711 2147 sanatam
740 2083 902 2148 eeclesiam
924 2084 1100 2148 Romanam
1130 2102 1165 2148 eo
1187 2084 1288 2166 magis
1311 2085 1338 2148 si
1360 2084 1369 2146 i
1391 2084 1466 2148 feeit
1489 2085 1542 2148 ob-

359 2170 500 2245 noxiam,
529 2188 590 2251 qno
618 2171 649 2234 te
677 2169 861 2246 ferventius,
889 2187 908 2233 a
935 2168 1036 2250 longis
1066 2171 1149 2233 retro
1177 2170 1368 2252 temporibus
1397 2170 1541 2254 operibus

360 2254 486 2338 pietatis
508 2255 747 2338 insistentem).
777 2257 901 2319 tantum
924 2255 1060 2318 laborem
1082 2274 1137 2338 pro
1161 2255 1407 2320 soismatioorum
1430 2257 1544 2322 oontri-

361 2342 444 2438 tione
468 2343 500 2405 et
521 2340 702 2405 liberatione
724 2340 863 2405 fidelium
878 2339 1074 2406 evidentibus
1095 2339 1216 2405 indioiis
1240 2341 1446 2424 assumpsisse
1469 2362 1542 2406 oon·

361 2445 517 2510 spioimns.

445 2511 515 2576 Hae
537 2512 643 2594 itaque
665 2513 785 2577 ratione
806 2512 925 2576 induoti
949 2513 993 2593 (et
1014 2511 1063 2594 ex)
1086 2513 1304 2578 sublimatione
1326 2515 1382 2577 tua
1403 2512 1541 2578 irnotum

362 2598 536 2662 maximum
558 2601 719 2681 sperantes
741 2599 909 2662 eatholieae
932 2598 1077 2664 eeclesiae
1093 2601 1125 2663 et
1139 2598 1306 2664 christiano
1328 2599 1442 2682 populo
1471 2617 1542 2683 pro-

363 2687 539 2760 venturum,
561 2684 685 2765 cognita
698 2684 832 2749 fratum
847 2686 1026 2749 nostrorum
1049 2685 1263 2768 episeoporum
1285 2687 1317 2749 et
1339 2685 1542 2750 oardinaliurn

364 2769 486 2852 (atquo)
513 2769 665 2834 nobilium
687 2771 901 2835 Romanorum
926 2773 1071 2854 prompta
1100 2771 1262 2835 voluntate
1292 2773 1386 2853 atque
1409 2771 1544 2849 oonsilio,

363 2860 403 2932 te,
426 2854 721 2920 ohristianissimum
735 2856 907 2941 prinoipem
932 2859 964 2921 et
985 2857 1067 2920 inter
1090 2857 1239 2941 spetiales
1261 2856 1343 2920 beati
1358 2856 1444 2921 Petri
1464 2857 1544 2922 filios

363 2941 491 3006 unioum
514 2960 551 3005 ao
571 2942 775 3024 praeeipunm
797 2941 1017 3025 detonantem)
1040 2942 1079 3006 ad
1102 2941 1224 3026 imperii
1246 2941 1380 3024 fastigia,
1402 2943 1545 3008 mvooata

365 3027 501 3111 Spiritus
523 3027 624 3092 saneti
646 3029 755 3110 gratia,
777 3027 1023 3093 sublimavimus.

452 3113 516 3177 Nos
532 3113 636 3195 igitur,
658 3115 857 3179 maiestatem
872 3115 994 3197 imperii
1016 3114 1158 3179 nolentes
1180 3112 1320 3178 minuere
1343 3112 1397 3178 sed
1420 3131 1543 3195 angere,

366 3199 582 3283 imperatoriae
601 3198 776 3284 dignitatits
790 3198 1032 3284 plenitu)dinem
1046 3201 1103 3265 tibi
1115 3198 1312 3264 oonoedimns
1324 3201 1356 3264 ot
1370 3199 1490 3265 debitas
1512 3204 1545 3264 et

364 3285 527 3350 eanonicus
549 3285 789 3351 eonsuetudines
811 3287 983 3370 praesentis
1007 3286 1113 3370 scripti
1134 3285 1250 3370 pagina
1271 3284 1499 3350 ooniirmamus.

448 3369 739 3436 Interdioimus
769 3374 917 3449 autem,
945 3391 989 3436 ne
1018 3371 1234 3454 qnisquam
1263 3390 1413 3449 eorum,
1444 3390 1540 3454 quos

363 3457 402 3520 in
433 3456 680 3541 Teut(onioo)
713 3476 835 3540 regno
868 3458 913 3523 ad
946 3455 1222 3541 pontificatus
1259 3458 1447 3522 honorem
1479 3456 1543 3520 vel

365 3541 550 3608 abbatiae
580 3544 755 3624 regimen
784 3543 940 3608 evocari
972 3543 1207 3626 eontigerit,
1239 3542 1397 3627 regalia
1425 3562 1544 3608 usur-

363 3647 459 3712 pare
491 3629 555 3692 vel
587 3629 780 3694 invadere
813 3629 972 3706 audeat,
1003 3628 1086 3693 nisi
1118 3628 1255 3694 eadem
1289 3629 1398 3713 prius
1427 3647 1446 3693 a
1473 3631 1544 3694 tna

364 3714 593 3798 (potes)tato
621 3715 825 3799 deposeat,
854 3715 984 3798 quod-i
1014 3715 1164 3792 erbis,
1194 3732 1296 3796 quae
1317 3715 1403 3780 iure
1426 3714 1542 3780 debet

364 3800 454 3877 tibi,
498 3805 592 3864 tuae
636 3800 978 3884 magniiioentiae
1021 3799 1210 3883 faeiat**)
1271 3799 1355 3866 Data
1396 3799 1542 3866 Laterani

364 3885 596 3950 61dnslunii.

452 4077 478 4145 a)
496 4075 566 4130 Jnffo
583 4077 713 4129 permutet
730 4077 800 4129 atatt
817 4075 903 4144 qnod:
929 4076 1024 4144 atque;
1047 4073 1090 4127 ioh
1108 4073 1212 4127 mdehte
1229 4072 1257 4125 in
1282 4061 1543 4142 liboreinsti'mmung

365 4148 417 4201 mit
443 4147 490 4201 der
507 4148 574 4201 betr.
593 4146 675 4200 Stella
693 4146 729 4199 im
747 4145 881 4199 Wormsoi·
897 4143 1066 4210 Konkordat‚
1085 4143 1254 4212 Privileffl'nm
1274 4142 1371 4198 Calirti
1391 4143 1542 4199 schreiben:

366 4222 395 4272 at
413 4233 464 4288 que
481 4234 513 4271 er
529 4217 573 4272 his
590 4218 648 4271 iure
664 4216 715 4270 tibi
733 4216 820 4282 debet,
838 4219 901 4269 tuae
918 4214 1130 4284 magnificentiae
1147 4213 1237 4268 faeiat

453 4289 478 4358 ')
496 4286 565 4341 June
578 4288 638 4355 gibt
649 4287 721 4340 disse
732 4286 859 4340 Urlrnnde
877 4285 947 4338 nauh
964 4286 1036 4339 einer
1053 4283 1265 4339 vomtdmmelten
1278 4283 1440 4338 litineliener
1451 4283 1543 4338 Hand·

366 4359 462 4413 eehriit
480 4359 643 4429 (‚‚Deeeripei
660 4375 692 4411 ex
710 4357 805 4410 mutila
823 4373 890 4409 saee
902 4357 963 4410 XII.
982 4356 1134 4410 membrana
1151 4355 1327 4410 bibnomeeae
1345 4355 1433 4422 regias
1449 4355 1540 4409 Mona-

365 4430 466 4496 oensis,
490 4428 622 4500 quondam
645 4428 728 4483 oodiei
752 4427 835 4481 latino
853 4427 1004 4480 Monaoensi
1024 4430 1092 4481 5254
1111 4423 1317 4494 agglutinaw)
1355 4425 1395 4494 *·)
1413 4425 1473 4493 Vgl.
1494 4425 1542 4479 das

320 4536 324 4546 -
365 4501 499 4555 Wormser
516 4499 673 4554 Koulordat
695 4515 721 4553 n.
740 4497 867 4553 Narrabo
891 4497 925 4552 de
948 4497 981 4552 el.
999 4496 1076 4552 Lotla
1100 4511 1122 4550 a
1141 4501 1158 4550 o
1182 4497 1260 4550 nebit
1276 4494 1354 4550 Anni.
1390 4494 1477 4550 &lion
1500 4495 1544 4550 bei
