3617 5284
385 454 426 516 32

471 623 533 688 Vos
557 626 671 700 autem,
694 622 894 698 dilectissimi,
918 621 972 703 qui
994 622 1147 686 iustitiam
1168 622 1226 686 Dei
1248 643 1311 686 non
1333 642 1387 707 pro
1410 624 1497 704 regia
1518 625 1565 687 in-

386 709 563 790 dignatione
586 729 643 773 neo
663 728 718 791 pro
742 708 845 788 aliquo
867 708 1004 790 periculo
1032 708 1173 771 deserere
1200 708 1358 783 voluistis,
1387 709 1566 773 fatuitatem

385 813 507 871 eorum,
536 795 589 875 qui
619 794 656 857 de
685 793 875 858 execratione
904 796 937 857 et
965 793 1125 857 mendacio
1148 795 1417 858 annuntiabuntur
1438 795 1471 858 in
1494 815 1566 859 con-

385 881 606 956 summatione,
632 879 719 963 parvi
748 878 934 962 pendentes,
962 878 1091 942 viriliter
1120 883 1201 942 state
1231 883 1263 943 et
1290 879 1507 944 confortamini
1533 882 1564 943 in

384 967 535 1040 Domino;
559 966 699 1042 scientes
722 964 803 1046 quod
827 964 910 1027 illios
931 967 1054 1045 partem
1076 964 1249 1041 defenditis,
1272 966 1326 1046 qui
1347 966 1565 1048 insuperabilis

384 1071 437 1115 rer
460 1055 491 1115 et
512 1051 696 1133 magnificus
720 1050 927 1133 triumphator
948 1050 1142 1114 iudicaturus
1170 1053 1219 1114 est
1247 1052 1332 1115 vivos
1362 1056 1394 1114 et
1416 1055 1563 1127 mortuos,

384 1137 515 1202 reddens
543 1137 711 1218 unicuique
740 1135 912 1200 secundnm
941 1155 1018 1218 opus
1050 1155 1151 1200 snum.
1185 1136 1233 1199 De
1263 1137 1352 1200 euius
1380 1137 1566 1201 multimoda

384 1223 585 1286 retributione
615 1225 646 1286 et
675 1241 728 1286 vos
751 1221 826 1285 certi
850 1239 917 1284 esse
939 1221 1088 1304 poteritis,
1116 1221 1142 1285 si
1165 1222 1319 1303 usquein
1341 1223 1435 1286 linem
1458 1222 1564 1286 fideles

385 1311 417 1371 et
439 1308 613 1372 inconcussi
640 1309 672 1371 in
705 1308 771 1372 eius
800 1307 930 1370 veritate
951 1307 1157 1389 perstiteritis
1190 1308 1321 1390 Propter
1343 1309 1425 1389 quod
1456 1312 1487 1371 et
1509 1329 1564 1372 nos

384 1394 575 1458 incessanter
596 1413 651 1476 pro
674 1393 759 1457 vobis
780 1411 928 1474 rogamus
950 1392 1061 1468 Deum,
1084 1396 1121 1456 ut
1142 1393 1195 1456 det
1220 1394 1307 1458 vobis
1329 1394 1478 1458 virtutem
1500 1413 1565 1458 cor-

385 1481 520 1544 roborari
542 1498 597 1562 per
621 1479 772 1562 Spiritum
794 1481 939 1542 sanctum
960 1478 993 1540 in
1014 1478 1139 1542 nomine
1161 1479 1244 1552 eius;
1278 1482 1311 1544 et
1332 1483 1492 1544 convertat
1513 1499 1565 1543 eor

385 1567 466 1646 regis
490 1565 528 1628 ad
550 1564 781 1648 poenitentiam,
803 1567 841 1628 ut
863 1567 895 1628 et
917 1563 983 1647 ipse
1005 1563 1171 1645 aliquando
1193 1568 1365 1646 cognoscat
1388 1584 1445 1630 nos
1460 1569 1493 1628 et
1510 1585 1564 1645 vos

385 1652 485 1715 multo
508 1651 609 1715 verius
633 1669 737 1714 amare
760 1669 840 1726 eum,
863 1668 959 1731 quam
981 1649 1036 1730 qui
1057 1669 1141 1714 nunc
1159 1651 1224 1713 suis
1239 1650 1456 1733 iniquitatibus
1479 1652 1566 1714 obse-

386 1741 525 1818 quuntur
558 1739 590 1800 et
621 1736 734 1800 iuvent
779 1734 896 1814 Quodsi
924 1735 990 1798 Deo
1019 1735 1189 1818 inspirante
1218 1736 1351 1800 voluerit
1379 1737 1565 1819 resipiscere,

385 1823 537 1903 quidquid
559 1826 665 1886 contra
687 1841 743 1885 nos
764 1821 918 1896 moliatur,
941 1839 1064 1903 semper
1086 1824 1192 1886 tamen
1213 1842 1270 1886 nos
1293 1823 1331 1886 ad
1354 1823 1565 1906 recipiendum

385 1927 458 1972 eum
479 1908 511 1970 in
533 1911 674 1972 sanctam
697 1906 958 1982 communionem,
986 1910 1079 1988 prout
1107 1911 1210 1972 vestra
1237 1908 1351 1974 caritas
1377 1909 1466 1972 nobis
1493 1927 1565 1972 con-

385 1993 525 2070 suluerit,
546 1997 672 2077 paratos
694 1993 871 2074 inveniet.)

386 2311 446 2396 lll.
473 2313 647 2399 torrentes
664 2310 955 2419 lppenleinensis:
981 2311 1016 2411 al
1043 2312 1209 2406 lrouissio
1226 2312 1312 2416 regis
1332 2312 1371 2398 de
1387 2311 1566 2398 obliariis

387 2452 486 2535 puae
514 2430 716 2536 praestanda,
744 2430 779 2526 ll
797 2428 932 2514 llioluu
955 2429 993 2513 lc
1010 2434 1137 2514 assata
1163 2433 1193 2514 in
1214 2428 1465 2533 Gregoriuulll·
1491 2452 1565 2514 sen·

808 2547 922 2632 tentia.
949 2546 1018 2632 tlt,
1046 2547 1134 2632 tlte.

528 2703 602 2770 (Cod.
621 2704 739 2758 Udalriei
758 2705 804 2760 Nr.
829 2711 877 2759 ldr'r
896 2723 921 2759 u.
945 2712 1005 2760 lz's'r:
1024 2705 1095 2758 Meu.
1116 2706 1203 2758 Germ.
1223 2705 1291 2773 legg.
1310 2704 1347 2772 ll,
1365 2709 1420 2771 49.)

386 2846 559 2914 Promissis
583 2847 718 2917 tioterici
742 2849 838 2931 repis,
871 2847 1066 3018 cffiofplpgt
1088 2848 1297 2918 llildebrando
1319 2864 1430 2934 papae,
1458 2850 1508 2929 nul
1531 2853 1565 2917 el

987 2953 1004 3000 r
1055 2985 1063 3000 .

471 3058 606 3122 Consilio
641 3059 777 3123 fidelium
811 3063 990 3124 nostrorum
1026 3060 1231 3136 ammonitus,
1272 3060 1337 3124 sedi
1376 3061 1562 3143 apostolieae

385 3146 416 3206 et
450 3144 504 3207 tibi
539 3145 686 3223 Gregorio
719 3165 817 3229 pupae
846 3147 985 3210 debitam
1017 3147 1050 3209 in
1086 3145 1229 3210 omnibus
1262 3165 1384 3210 servare
1418 3146 1563 3210 obedien·

365 3228 462 3292 tiam
488 3230 650 3311 promitto,
692 3235 724 3294 et
754 3250 957 3314 quaecuuque
992 3231 1131 3295 eiusdem
1165 3232 1247 3295 sedis
1280 3232 1329 3295 vel
1358 3231 1404 3294 tui
1437 3233 1561 3296 honoris

385 3315 560 3378 imminutio
589 3335 643 3396 per
670 3336 726 3381 nos
755 3321 823 3381 orta
851 3317 988 3394 uidetur,
1021 3317 1133 3382 devota
1160 3316 1371 3382 satisfactione
1398 3319 1563 3382 emendare

385 3401 507 3464 curabo.
545 3399 626 3478 Quia
640 3421 710 3467 vero
727 3403 868 3484 graviora
883 3403 1037 3484 quaedam
1059 3403 1098 3466 de
1119 3403 1207 3466 nobis
1229 3404 1393 3479 iactantur,
1417 3405 1513 3486 [quae
1532 3405 1562 3467 in

385 3485 515 3549 eandem
527 3487 632 3550 sedem
655 3491 687 3551 et
702 3491 790 3552 tuam
809 3489 1015 3552 reverentiam
1030 3489 1248 3571 statuerim]⁸l,
1271 3507 1309 3552 ea
1326 3509 1461 3570 congruo
1484 3494 1564 3554 tem·

385 3573 512 3654 porevel
525 3572 717 3637 innocentiae
733 3573 887 3655 suffragio,
902 3576 951 3639 rel
968 3576 1140 3657 opitulante
1153 3575 1226 3651 Deo,
1242 3577 1416 3656 expurgabo
1431 3575 1479 3639 rel
1495 3579 1563 3638 tuni

385 3657 512 3720 demum
539 3677 594 3738 pro
622 3659 670 3722 his
704 3663 932 3742 competentem
965 3661 1188 3743 poenitentiam
1220 3660 1353 3724 libenter
1385 3661 1564 3743 amplectar.

474 3831 496 3894 *t
514 3830 561 3883 Ich
597 3830 682 3883 werdo
716 3829 871 3884 domniichst
897 3831 923 3884 in
952 3831 1022 3884 einer
1055 3829 1163 3898 oigeneu
1190 3829 1371 3896 abhandlung
1401 3831 1449 3882 aus
1479 3830 1563 3884 dieses

385 3900 525 3954 Schreiben
546 3919 577 3954 au
596 3900 719 3970 spreclion
740 3901 867 3966 lronrmen,
886 3899 1049 3954 namentlich
1067 3901 1115 3954 arri
1131 3900 1226 3953 dicim
1245 3899 1345 3952 Absatz
1366 3906 1381 3951 b
1412 3900 1481 3954 intcr
1499 3901 1564 3954 haec

354 3993 369 4011 ν
385 3975 444 4034 etc.)
472 3972 606 4025 erwahnte
630 3971 892 4024 Exlommuuilration
922 3971 969 4024 der
993 3971 1070 4038 asts,
1099 3971 1142 4024 dio
1169 3987 1229 4023 man
1258 3971 1308 4023 urit
1325 3910 1464 4023 Annalrme
1491 3971 1564 4025 einer

385 4041 614 4109 chronologischen
636 4041 802 4109 Verwirrung
821 4043 868 4094 aul
884 4041 926 4095 oie
944 4041 1145 4109 Massregelung
1162 4041 1209 4093 der
1226 4040 1314 4094 Rdtbe
1339 4041 1375 4093 im
1392 4041 1474 4094 Jabrs
1496 4047 1564 4096 1075»

386 4113 507 4165 beziehen
531 4130 561 4165 au
581 4118 686 4166 mlissen
705 4111 820 4180 glaubte.
850 4111 897 4164 Ich
915 4111 986 4164 finde
1005 4111 1118 4164 nlimlieh
1139 4112 1164 4164 in
1181 4111 1257 4178 jener
1274 4127 1325 4164 nur
1348 4111 1397 4164 den
1417 4112 1563 4166 Abscbluss

386 4183 432 4235 des
451 4201 499 4236 von
519 4183 666 4236 allexander
684 4183 719 4236 ll.
745 4187 811 4237 1073
837 4182 1020 4249 eingeleiteten
1039 4182 1204 4236 Verlahrens.
1241 4181 1300 4234 Wie
1323 4182 1358 4234 im
1377 4181 1458 4234 Jabre
1486 4188 1562 4248 loro,

386 4253 474 4306 surde
493 4253 559 4306 auch
583 4259 648 4307 1073
668 4255 778 4320 anlungs
801 4269 850 4305 nur
868 4251 916 4304 der
933 4252 1094 4305 Auesclrlnss
1111 4269 1159 4304 aus
1181 4251 1228 4304 der
1245 4251 1561 4318 Kirelreugemeinsebalt‚

386 4323 710 4446 diehErlrommunilration
730 4323 793 4375 aber
809 4327 866 4375 erst
884 4323 951 4374 nach
971 4321 1070 4375 Ablaul
1086 4323 1133 4375 der
1159 4323 1208 4374 deu
1227 4323 1313 4375 Riten
1333 4322 1473 4390 gestellten
1490 4321 1564 4376 Frist

387 4410 430 4446 ver
449 4397 522 4462 liugt
