3617 5284
376 541 439 607 110

375 711 578 776 timescimus
621 708 703 774 Cum
732 707 816 772 enim
842 725 943 790 nuper
968 707 999 771 in
1029 707 1115 771 ιιιιιι
1138 707 1276 772 Bisuuoii
1298 719 1440 772 essemus
1460 707 1492 768 et
1513 701 1552 766 de

376 799 491 862 bonore
518 795 639 880 imperii
669 797 701 858 et
728 795 830 857 salute
851 795 1072 857 aecclesiarum
1087 793 1191 858 debita
1213 793 1418 858 sollicitudine
1440 793 1553 854 tracta·

375 901 489 1032 temtus,
511 885 664 947 venerunt
677 881 773 960 legati
797 879 966 962 apostolici,
988 881 1172 956 asserentes,
1195 880 1341 944 sebalem
1362 877 1551 959 legationem

375 989 432 1034 nos
433 972 500 1032 trac
523 968 631 1032 afferre
645 966 778 1030 maiesta
778 965 811 1042 t,i
833 965 917 1028 unde
931 966 1029 1030 honor
1043 965 1165 1063 imperii
1181 984 1243 1029 non
1261 983 1393 1047 parrum
1416 964 1552 1061 accipere

376 1055 503 1119 deberet
530 1056 766 1118 incrementum.
810 1050 896 1129 Quos
924 1071 996 1116 eum
1018 1051 1118 1134 prima
1140 1051 1189 1114 die
1212 1050 1326 1116 advent
1312 1055 1364 1114 tus
1387 1049 1436 1114 sui
1457 1049 1553 1112 hono-

376 1141 461 1204 rilice
475 1141 730 1223 suscepissemus,
752 1143 784 1201 et
806 1136 950 1213 secunda,
972 1143 1008 1200 ut
1030 1156 1098 1201 mos
1120 1140 1176 1214 est,
1199 1136 1238 1200 ad
1261 1135 1448 1200 audiendam
1468 1136 1552 1215 laga·

376 1227 494 1290 tionem
516 1244 623 1289 eorum
645 1241 718 1287 eum
738 1222 929 1320 principibus
951 1223 1066 1286 nostris
1088 1223 1374 1299 consedissemus,
1365 1221 1441 1305 ipsi,
1464 1219 1553 1301 quasi

378 1312 417 1375 de
438 1328 619 1375 mammona
639 1308 814 1389 iniquitatis
836 1308 945 1384 infiati,
968 1309 1005 1371 de
1028 1308 1194 1372 altitudine
1216 1308 1387 1391 superbiae,
1409 1306 1448 1370 de
1469 1306 1553 1369 iaetu

378 1397 582 1479 arrogantiae,
603 1396 642 1458 de
664 1394 825 1458 execrabili
848 1395 962 1458 tumidi
984 1393 1084 1458 cordis
1107 1393 1251 1472 elatione,
1273 1393 1460 1475 legationem
1482 1409 1554 1474 apo-

379 1483 497 1546 stolicis
525 1481 638 1546 litteris
667 1480 874 1562 conscriptam
894 1480 983 1544 nobis
1005 1482 1276 1563 presentaverunt,
1304 1498 1438 1561 quarum
1466 1481 1555 1540 tenor

379 1569 453 1632 talis
485 1575 567 1644 erat,
600 1566 683 1648 quod
712 1584 766 1649 pre
795 1565 893 1629 oeulis
922 1567 1037 1629 mentis
1067 1585 1190 1649 semper
1218 1565 1402 1630 deberemus
1431 1565 1554 1638 habere,

380 1652 558 1736 qualiter
594 1652 758 1720 domnus
793 1669 897 1734 popa
931 1651 1092 1732 insigne
1124 1651 1355 1749 imperialis
1388 1667 1554 1715 coronae

379 1739 494 1803 nobis
515 1737 735 1803 contulerit
741 1756 902 1818 ,neque
924 1737 1180 1820 tamanpenit
1187 1736 1299 1802 entia
1321 1738 1555 1810 moveretur,

381 1825 413 1889 si
444 1826 599 1888 maiora
631 1822 871 1886 excellentia
901 1828 1041 1887 nostra
1074 1824 1118 1887 ab
1155 1843 1197 1888 eo
1234 1822 1435 1888 beneficia
1470 1839 1556 1885 sus-

380 1910 568 1993 cepisset
604 1909 691 1973 Haec
708 1911 780 1972 crat
800 1908 856 1971 illa
876 1910 1025 1990 paternae
1046 1908 1217 1973 dulcedinis
1238 1909 1363 1991 legatio,
1386 1926 1466 1990 quae
1488 1907 1557 1970 uni-

381 1999 480 2060 tatem
508 1994 673 2059 aecclesiae
699 1998 732 2057 et
752 1994 873 2077 imperii
894 1993 1054 2059 confovere
1077 1995 1199 2068 debuit,
1226 2013 1306 2077 quae
1327 1994 1451 2058 vinculo
1472 1993 1557 2076 pacis

383 2085 552 2163 utrumqne
568 2080 713 2161 colligare
728 2079 857 2155 studuit,
880 2098 960 2160 quae
983 2081 1022 2144 ad
1045 2081 1209 2162 utriusque
1224 2079 1419 2145 concordiam
1435 2085 1466 2143 et
1486 2079 1557 2142 obe-

381 2168 530 2232 dientiam
543 2167 664 2230 animos
676 2165 870 2228 audientium
882 2166 995 2229 allexit.
1021 2165 1111 2230 Certe
1123 2167 1161 2230 ad
1174 2185 1281 2231 vocem
1292 2166 1379 2230 illam
1390 2164 1558 2229 nefandam

382 2267 414 2318 et
435 2253 519 2317 omni
541 2251 672 2316 veritate
694 2269 825 2315 vacuam
846 2270 909 2315 non
935 2252 1037 2315 solum
1059 2252 1227 2334 imperialis
1249 2253 1399 2321 maiestas
1421 2251 1557 2316 debitam

382 2337 627 2436 indignationem
641 2337 788 2419 concepit,
810 2355 919 2400 uerum
936 2355 1043 2401 omnes
1065 2339 1220 2420 principes
1241 2337 1296 2419 qui
1318 2337 1449 2402 aderant
1469 2338 1558 2400 tanto

382 2424 485 2489 furore
514 2423 584 2487 et'
574 2441 623 2486 ιιι
652 2428 727 2486 sunt
747 2422 872 2504 repleti,
901 2423 984 2504 quod
1013 2424 1080 2487 sine
1109 2423 1201 2487 dubio
1232 2424 1301 2487 illos
1330 2423 1444 2488 duos
1435 2422 1559 2503 miquos

382 2510 569 2658 presbiteros
596 2512 680 2572 mort
680 2509 707 2571 is
666 2507 884 2571 tsententia
905 2508 1144 2592 dampnassent,
1171 2509 1231 2572 nisi
1254 2510 1313 2573 boc
1334 2512 1443 2573 nostra
1464 2509 1560 2571 inter-

383 2596 517 2680 cepisset
543 2593 708 2678 presentia
751 2593 848 2656 Porro
875 2593 949 2675 quia
971 2595 1072 2658 multa
1040 2596 1181 2678 tparia
1202 2596 1380 2658 litterarum
1403 2594 1486 2678 apud
1507 2613 1560 2658 eos

385 2689 509 2765 reperta
539 2684 615 2744 sunt
601 2681 679 2743 tet
706 2680 850 2743 scedulae
880 2679 1033 2761 sigillatae
1065 2680 1102 2744 ad
1132 2681 1295 2744 arbitrium
1323 2700 1432 2745 eorum
1459 2680 1562 2743 adhuc

383 2766 562 2832 scribendae
570 2769 600 2843 ⁸),
622 2765 751 2847 quibus,
773 2765 855 2828 sicut
876 2769 1005 2829 ιιιιιιιιι
1028 2766 1263 2831 consuetudinis
1285 2785 1394 2830 eorum
1416 2765 1484 2843 fuit,
1505 2784 1561 2848 per

385 2853 525 2934 singulas
558 2852 723 2916 aecclesias
750 2851 912 2914 Teutonici
946 2851 1033 2933 regni
1065 2855 1250 2934 conceptum
1282 2852 1456 2934 iniquitatis
1486 2869 1561 2915 suae

384 2938 469 3002 virus
496 2955 691 3020 respergere,
721 2937 833 3001 altaria
860 2937 1032 3014 denudare,
1062 2956 1137 3002 vasa
1163 2938 1275 3001 domus
1303 2938 1362 3002 Dei
1393 2941 1561 3020 asportare,

384 3043 492 3088 eruces
524 3024 678 3087 excoriare
710 3023 905 3099 nitebantur,
945 3041 984 3087 ne
1016 3024 1101 3088 ultra
1133 3023 1317 3106 procedendi
1348 3023 1482 3088 facultas
1516 3023 1562 3086 eis

387 3109 530 3185 daretur,
559 3108 668 3172 eadem
695 3127 758 3190 qua
779 3114 930 3172 venerant
952 3110 1001 3173 ria
1024 3109 1062 3173 ad
1085 3109 1204 3175 Urbem
1227 3128 1280 3174 eos
1301 3109 1401 3174 redire
1424 3109 1562 3173 lecimus.

386 3195 643 3276 Cumquepar
665 3194 900 3258 electionem
922 3195 1140 3279 principum
1164 3196 1380 3260 asoloDeo
1401 3213 1563 3278 regnum

386 3284 425 3345 et
445 3281 652 3363 imperium
673 3282 859 3344 nostrum
880 3280 945 3358 sit,
968 3281 1035 3362 qui
1056 3281 1092 3344 in
1113 3283 1297 3364 passione
1313 3280 1461 3346 Christi
1484 3280 1562 3343 lilii

387 3367 450 3430 sui
473 3365 629 3430 duobus
652 3365 800 3447 gladiis
821 3366 1070 3430 necessariis
1093 3367 1306 3449 regendum
1327 3369 1457 3432 orbem
1479 3367 1564 3430 sub-

386 3452 502 3529 iecit,
530 3450 798 3533 cumque.Petrus
819 3453 979 3534 apostolus
1000 3453 1060 3516 hae
1081 3453 1221 3518 doctrina
1241 3453 1396 3517 mundum
1416 3452 1565 3517 informa-

387 3538 479 3602 verit:
524 3537 635 3601 ‘Deum
670 3537 791 3614 timete,
827 3555 934 3619 regern
971 3538 1188 3616 honorificate,
1224 3539 1459 3621 quicumque
1495 3556 1565 3602 nos

388 3624 634 3708 imperialem
654 3641 914 3706 eoronampro
937 3624 1141 3689 beneficio
1164 3625 1340 3690 adomno
1362 3643 1463 3708 papa
1484 3643 1566 3689 sus·

361 3711 546 3792 ⁴cepisse
588 3708 753 3785 dixerit,
795 3709 957 3773 diuinae
993 3709 1251 3775 institutioni
1288 3714 1327 3775 ιι
1362 3709 1565 3775 doctrinae

388 3794 500 3860 Petri
530 3794 758 3858 contrarius
786 3797 848 3858 est
877 3797 914 3858 et
936 3795 1129 3860 mendacii
1151 3815 1242 3860 reus
1265 3797 1347 3860 erit
1391 3795 1473 3874 Quia
1493 3815 1566 3860 uero

389 3882 518 3946 actenus
546 3880 696 3944 honorem
724 3897 760 3943 ao
787 3880 965 3944 libertatem
994 3882 1227 3958 aecclesiarum,
1256 3901 1337 3964 quae
1358 3882 1421 3946 iam
1443 3883 1495 3946 diu
1517 3881 1566 3945 in-

390 3966 512 4030 debitae
523 3965 712 4030 seminare>
722 3965 795 4047 iugo
806 3965 954 4049 depressa
965 3970 1158 4044 estamanu
1170 3968 1375 4050 Egyptiorum
1387 3967 1567 4032 studuimus

391 4053 508 4135 eripere
536 4056 569 4114 et
593 4051 699 4115 omnia
725 4051 769 4116 eis
796 4051 986 4133 dignitatum
1011 4072 1141 4118 suarum
1168 4053 1238 4116 iura
1264 4072 1445 4119 conservare
1466 4055 1568 4118 inten-

390 4137 501 4215 dimus,
522 4137 757 4201 uniuersitatem
778 4140 915 4201 uestram
936 4157 1030 4222 super
1051 4142 1141 4204 tanta
1161 4139 1331 4220 ignominia
1345 4139 1433 4205 nobis
1456 4144 1488 4204 et
1508 4140 1568 4204 im·

389 4223 473 4306 pen'o
502 4223 664 4288 condolere
685 4242 847 4305 rogamus,
876 4227 1050 4306 sperantes,
1078 4245 1118 4289 ιιι
1140 4225 1289 4290 honorem
1310 4225 1443 4308 imperii,
1473 4225 1569 4308 quia

478 4412 505 4482 a)
523 4411 683 4483 Blanqueta;
709 4411 816 4465 scedula
841 4427 875 4464 an
899 4412 956 4465 sich
974 4413 1126 4466 bezeichnet
1141 4412 1199 4466 eine
1215 4411 1343 4466 Urlmndo
1360 4429 1409 4465 ron
1428 4413 1570 4466 ldeinerem

391 4483 528 4551 Umfange.
565 4481 594 4553 b)
612 4482 717 4536 Waitz:
736 4482 865 4537 ueritatis
