3617 5284
288 527 418 600 ’46

375 709 496 790 uritque
512 744 552 753 -
568 705 781 780 consentiunt3
804 706 866 790 qni,
889 707 1065 790 symoniace
1081 706 1235 790 quoslibet
1248 705 1426 784 ordinando,
1448 704 1552 770 Deum

375 814 430 877 pro
453 793 505 857 vili
527 793 622 858 etiam
643 793 741 876 pretio
757 794 903 858 vendunt.
947 795 1039 870 Nam,
1062 795 1143 858 sicut
1158 794 1247 857 electi
1268 793 1473 858 insolubiliter
1494 812 1551 857 suo

376 880 468 962 capiti
490 879 650 956 uniuntur,
687 879 732 942 ita
760 882 791 943 et
811 881 941 962 reprobi,
978 880 1112 944 maxime
1139 883 1247 958 contra
1273 880 1385 956 bonos,
1421 879 1463 956 ei,
1497 879 1553 961 qui

376 965 513 1028 malitiae
535 968 630 1047 caput
652 967 707 1041 est
729 965 928 1047 pertinaciter
948 965 1155 1029 foederantur.
1184 964 1301 1029 Contra
1321 984 1400 1047 quos
1414 964 1551 1048 profecto

377 1069 438 1114 non
461 1053 528 1114 tam
548 1049 764 1114 disserendum
780 1069 874 1131 quarn
889 1071 944 1134 pro
960 1051 1004 1114 eis
1026 1054 1075 1115 est
1089 1050 1260 1115 lacrimosis
1274 1050 1450 1133 planctibus
1465 1050 1552 1131 inge·

375 1135 541 1199 mendum:
576 1139 612 1198 ut
634 1136 827 1218 omnipotens
848 1137 936 1200 Deus
964 1138 1033 1200 illos
1056 1155 1075 1200 a
1101 1137 1221 1218 laqueis
1247 1136 1405 1212 sathanae,
1438 1135 1552 1216 quibus

376 1221 489 1303 captivi
511 1224 666 1295 tenentur,
689 1221 800 1304 eripiat
814 1224 853 1296 et,
874 1223 925 1286 rel
946 1227 1017 1306 post
1037 1222 1182 1305 pericula,
1204 1222 1244 1285 ad
1266 1222 1456 1303 agnitionem
1474 1221 1552 1285 veri-

360 1307 450 1370 tatis
472 1307 599 1370 tandem
622 1307 787 1389 aliquando
809 1309 966 1391 perducat

461 1392 547 1456 Haec
580 1393 617 1456 de
649 1393 774 1473 regibus
808 1397 840 1457 et
872 1394 1125 1477 imperatoribus,
1163 1393 1230 1474 qui,
1271 1391 1422 1457 saeculari
1455 1392 1553 1472 gloria

376 1477 507 1542 niuiium
529 1478 650 1554 tumidi,
673 1497 735 1542 non
757 1479 822 1543 Deo
846 1479 900 1543 sed
923 1481 982 1544 sibi
1002 1482 1143 1560 regnant.
1197 1478 1259 1543 Sed
1282 1478 1356 1560 quia
1383 1477 1482 1541 nostri
1504 1481 1553 1541 est

376 1563 475 1641 officii,
498 1563 664 1645 umorique
687 1564 857 1628 secundum
881 1565 1021 1629 ordinem
1042 1565 1090 1629 vel
1119 1564 1312 1646 dignitatem,
1346 1582 1408 1645 qua
1429 1562 1552 1627 videtur

375 1651 487 1731 vigere,
516 1649 737 1714 exortationem
765 1650 956 1726 distribuere,
988 1651 1226 1734 imperatoribus
1255 1653 1288 1713 et
1313 1650 1439 1731 regibus
1469 1652 1552 1713 oete-

375 1737 481 1818 riaque
502 1735 698 1818 principibus,
729 1738 766 1798 ut
788 1735 936 1799 elationes
964 1737 1060 1813 maris
1088 1740 1121 1799 et
1149 1736 1310 1818 superbiae
1333 1735 1447 1800 linctus
1469 1754 1552 1798 oom-

374 1822 508 1903 primere
530 1821 662 1898 valeant,
685 1839 772 1884 arma
793 1821 979 1885 humilitatis
994 1822 1061 1885 Deo
1083 1825 1208 1886 auctore
1223 1821 1382 1904 providere
1397 1839 1551 1885 curamus.

377 1905 499 1971 Scimus
522 1906 621 1970 enim:
656 1907 730 1987 quia
750 1906 911 1970 mundana
941 1907 1039 1988 gloria
1066 1909 1098 1970 et
1124 1907 1290 1971 saecularis
1312 1925 1387 1970 cura
1408 1924 1461 1970 eos
1482 1925 1552 1988 per-

375 1993 518 2069 maxime,
551 1992 605 2074 qui
626 1995 783 2074 praesunt
812 1992 850 2055 ad
873 1993 1039 2057 elationem
1061 1993 1184 2057 trahere
1206 1993 1302 2067 solet3
1337 2011 1400 2073 qua
1421 2009 1551 2074 semper,

375 2079 517 2160 neglecta
538 2077 723 2153 humilitate,
744 2077 899 2161 propriam
915 2079 1071 2160 querendo
1094 2080 1233 2160 gloriam,
1253 2078 1403 2142 fratribus
1425 2078 1553 2160 cupiant

374 2164 575 2246 praeminere.
637 2163 770 2227 Proinde
808 2163 931 2229 videtur
968 2166 1044 2229 utile
1077 2165 1211 2228 maxime
1247 2162 1485 2246 imperatoribus
1519 2166 1551 2226 et

376 2251 517 2331 regibus:
547 2253 591 2324 ut,
620 2267 692 2312 oum
713 2267 803 2313 mens
825 2251 949 2315 illorum
971 2270 1004 2314 se
1027 2250 1066 2313 ad
1089 2251 1154 2314 alta
1176 2249 1292 2330 erigere
1314 2254 1347 2312 et
1367 2268 1423 2333 pro
1446 2249 1552 2329 singu-

375 2334 431 2398 lari
454 2335 522 2399 vult
556 2334 653 2416 gloria
680 2335 842 2412 oblectare,
875 2336 1020 2411 inveniat,
1060 2336 1173 2416 quibus
1200 2353 1233 2399 se
1264 2334 1365 2399 modis
1399 2335 1551 2411 humiliet,

376 2425 471 2502 atque
502 2419 585 2484 unde
615 2420 778 2502 gaudebat,
811 2422 927 2484 sentiat
947 2422 1017 2504 plus
1045 2421 1228 2484 timendum.
1285 2420 1456 2502 Perspiciat
1478 2438 1551 2501 ergo

375 2505 552 2586 diligenter:
577 2525 672 2588 quam
686 2506 858 2588 periculosa
880 2527 1013 2588 quamve
1035 2507 1201 2570 timendae
1226 2506 1268 2569 sit
1282 2505 1481 2589 imperatoria
1501 2506 1552 2570 vel

375 2591 461 2673 regia
493 2591 643 2673 dignitas;
681 2591 713 2655 in
743 2611 806 2673 qua
838 2593 1017 2675 paucissimi
1049 2594 1217 2668 salvamur,
1254 2595 1287 2655 et
1315 2591 1369 2668 illi,
1410 2591 1463 2672 qui
1485 2591 1552 2654 Deo

375 2677 543 2741 miserante
572 2677 611 2741 ad
639 2678 774 2742 salutem
802 2678 939 2755 veniunt,
972 2699 1035 2742 non
1063 2683 1225 2759 aequent
1254 2677 1346 2740 multi
1378 2694 1552 2760 pauperum

375 2763 488 2826 iudicio
510 2763 610 2827 sancti
634 2763 767 2846 Spiritus
789 2763 822 2827 in
844 2770 953 2827 sancta
974 2765 1103 2828 ecclesia
1124 2763 1339 2827 clarificantur.
1393 2766 1424 2825 Α
1442 2762 1552 2826 mundi

377 2849 460 2913 enim
482 2849 630 2931 principio
652 2868 753 2930 usque
777 2849 816 2913 ad
838 2849 915 2913 haec
935 2851 1043 2915 nostra
1070 2852 1213 2932 tempora
1237 2849 1270 2912 in
1298 2852 1364 2913 tota
1395 2848 1552 2912 autentos

375 2935 529 3018 scriptura
550 2953 611 2998 non
626 2935 801 2999 invenimus
817 2937 937 3017 septem
943 2938 965 2987 bl
979 2937 1182 3019 imperatores
1196 2935 1246 2998 rel
1260 2953 1349 3016 reges
1357 2939 1385 3010 θ),
1418 2953 1552 3014 quorum

376 3021 441 3084 vita
474 3019 550 3084 adeo
576 3019 671 3084 fuerit
702 3021 848 3102 religione
870 3021 1038 3105 praecipua
1069 3024 1102 3084 et
1123 3021 1238 3085 virtute
1271 3020 1431 3101 signorum
1463 3019 1552 3083 deeo-

374 3109 452 3183 rata,
475 3107 556 3170 sicut
576 3105 811 3171 innumerabilis
825 3106 1038 3190 multitudinis
1060 3107 1176 3172 seecuh
1192 3107 1455 3189 contemptorum
1479 3105 1552 3169 licet

374 3193 480 3275 plures
502 3211 609 3256 eorum
632 3191 794 3256 credamus
823 3193 905 3276 apud
934 3193 1184 3276 omnipotentem
1199 3192 1303 3256 Deum
1325 3191 1551 3256 misericordiae

377 3277 512 3341 salutem
526 3277 688 3341 invenisse.
738 3277 892 3360 Namque,
915 3281 951 3342 ut
972 3279 1010 3342 de
1033 3278 1180 3362 apostolis
1203 3281 1235 3341 et
1256 3277 1447 3359 martyribus
1469 3278 1552 3341 tace-

375 3381 474 3439 amus,
508 3363 577 3444 quis
605 3363 829 3446 imperatorum
851 3366 900 3428 vel
927 3383 1038 3447 regum
1069 3383 1168 3447 aeque
1194 3367 1230 3427 ut
1255 3365 1366 3427 beatus
1387 3362 1552 3440 Martinus,

374 3449 528 3512 Antonius
557 3450 589 3512 et
609 3448 797 3513 Benedictus
819 3450 977 3514 miraculis
1003 3451 1139 3515 clamit?
1174 3447 1252 3527 Quis
1280 3449 1364 3513 enim
1384 3448 1553 3530 imperator

375 3537 431 3597 aut
451 3553 505 3598 rex
526 3537 665 3598 mortuos
681 3535 850 3611 suscitavit,
871 3535 1009 3619 leprosos
1026 3534 1198 3612 mundavit,
1212 3553 1299 3598 cecos
1313 3534 1552 3598 illuminavitl‘ll

375 3620 455 3684 Ecce
478 3619 719 3684 Constantinum
748 3622 817 3702 piae
839 3622 1007 3686 memoriae
1028 3623 1257 3704 imperatorem
1290 3619 1498 3684 Theodosium
1519 3622 1553 3684 et

375 3705 556 3782 Honorium,
579 3705 726 3770 Carolum
748 3709 780 3770 et
801 3706 978 3783 Lodoicum,
1005 3707 1145 3771 iustitiae
1168 3708 1331 3782 amatores
1363 3704 1551 3770 christianae

374 3791 530 3872 religionis
551 3794 807 3874 propagatorem),
841 3793 1042 3857 ecclesiarum
1067 3793 1257 3869 defensores,
1294 3793 1403 3855 sancta
1425 3791 1552 3875 quidem

376 3877 505 3941 eeclesia
525 3876 634 3941 laudat
659 3881 691 3941 et
713 3879 893 3953 veneratum
916 3883 1106 3943 nontamen
1129 3897 1180 3942 eos
1202 3877 1326 3941 fulsisse
1349 3879 1438 3941 tanta
1458 3879 1552 3942 mira—

376 3963 516 4027 culorum
550 3963 647 4044 gloria
672 3962 796 4028 iudicat.
854 3964 1021 4029 Praeterea
1053 3965 1092 4028 ad
1115 3967 1192 4047 quot
1211 3963 1339 4027 uomina
1370 3981 1481 4045 regum
1503 3965 1552 4028 vel

373 4048 597 4132 imperatorum
615 4049 756 4114 basihcas
779 4069 835 4114 seu
858 4051 970 4115 altaria
989 4050 1133 4128 dedicari,
1154 4050 1203 4113 rel
1226 4049 1265 4112 ad
1280 4068 1388 4113 eorum
1402 4050 1551 4114 honorem

378 4191 587 4200 ...ψ

462 4275 488 4345 a)
507 4274 594 4344 Hugo,
613 4273 723 4328 tumida.
768 4274 797 4342 b)
814 4274 881 4329 fehlt
903 4275 940 4329 im
958 4275 1021 4330 Cod.
1040 4275 1111 4342 Vat,
1137 4275 1297 4357 stehtlaber·
1313 4275 1350 4327 im
1368 4273 1431 4328 Cod.
1449 4271 1551 4337 Udalr,

374 4347 451 4400 eowie
468 4347 510 4399 bei
528 4345 607 4415 Hugo
625 4345 680 4398 und
697 4346 793 4401 Brimo.
831 4346 901 4414 (Vgl.
927 4347 975 4399 das
998 4347 1118 4414 folgendo
1147 4346 1299 4417 paucissimi
1328 4345 1422 4412 reges.)
1467 4347 1492 4410 c)
1511 4344 1551 4397 vel

373 4417 542 4544 pplpppregehlt
566 4417 609 4470 boi
629 4416 715 4484 Hugo.
762 4416 790 4486 d)
810 4415 945 4480 Quis...
965 4417 1126 4471 illuminavit
1151 4416 1219 4470 fehlt
1245 4417 1287 4469 bei
1314 4415 1400 4484 Hugo.
1447 4415 1472 4484 e)
1491 4415 1551 4481 lid,
