3617 5284
1376 593 1418 657 83

243 762 404 845 Siquidem
433 763 541 826 beatae
572 781 608 828 ac
630 781 753 846 semper
774 761 955 828 recolendae
978 763 1145 828 memoriae
1167 763 1367 846 predecessor
1389 783 1424 830 ao

237 853 371 933 patruus
401 851 520 925 noster,
547 849 673 913 inclitus
702 848 927 932 triumphator,
955 847 1169 914 sanctissimus
1197 848 1342 914 videlicet
1363 850 1422 914 lm·

242 937 366 1018 perator
388 934 564 1012 Conradus,
586 935 730 1011 moriens,
753 954 825 999 cnm
846 953 903 999 nos
927 935 1115 1000 declarasset
1135 935 1257 1019 imperii
1280 935 1329 1000 sui
1352 955 1421 1001 suo-

242 1039 395 1098 cessorea,
422 1021 505 1084 iuter
532 1020 681 1104 precipua
700 1020 750 1104 pie
773 1039 810 1085 ac
829 1023 960 1104 paterne
982 1019 1212 1086 ammonitionis
1234 1021 1421 1086 documenta

240 1107 396 1171 instanter
423 1125 480 1170 nos
507 1106 651 1170 hortatus
681 1109 743 1170 est:
773 1108 811 1170 ut
832 1105 1001 1170 amicitiam
1023 1111 1111 1171 tuam
1133 1105 1265 1170 fideliter
1288 1107 1421 1191 amplec

242 1198 378 1257 teremur
409 1196 440 1256 et
467 1191 671 1256 fraternitatis
693 1192 852 1256 vinculum
881 1192 963 1256 inter
990 1212 1048 1257 nos
1069 1191 1277 1257 indissolubili
1299 1193 1421 1259 vinculo

241 1282 448 1354 necteremus,
471 1281 626 1360 quatenus
641 1278 771 1360 imperia
784 1283 892 1342 nostra
906 1297 962 1361 per
977 1277 1176 1344 dilectionem
1194 1297 1294 1342 unum
1315 1279 1426 1344 fierent

240 1369 272 1428 et
293 1363 419 1446 utrique
441 1363 526 1429 idem
549 1363 667 1428 amicus
689 1363 835 1445 idemque
849 1364 949 1428 hostis
972 1365 1124 1430 existeret
1162 1365 1239 1428 Inde
1263 1369 1319 1442 est,
1342 1365 1424 1447 quod

239 1469 305 1526 nos,
328 1450 584 1514 ammonitionem
602 1451 669 1514 eius
685 1449 796 1514 ellectu
815 1453 1021 1533 prosequente
1043 1451 1196 1534 complere
1218 1453 1422 1524 maturantes,

238 1539 271 1599 et
299 1537 394 1601 etiam
422 1536 576 1600 voluntati
605 1538 695 1613 tuae,
725 1555 820 1617 quam
850 1554 887 1599 ex
909 1537 1020 1600 litteris
1042 1536 1105 1601 tuis
1127 1537 1355 1620 persensimus,
1384 1538 1422 1602 ad

239 1621 482 1686 confirmandam
503 1624 585 1686 inter
617 1641 674 1687 nos
704 1621 873 1686 amicitiam
904 1621 1041 1686 fraterna
1069 1622 1260 1704 benignitate
1290 1624 1423 1688 occurri·

238 1710 350 1784 lantes,
374 1708 413 1772 ad
429 1713 634 1790 augmentum
648 1707 791 1771 mmioris
807 1707 985 1772 concordiae
1008 1711 1039 1772 et
1053 1709 1282 1773 incrementum
1304 1710 1421 1774 utrius-

240 1812 300 1875 que
329 1793 452 1878 imperii
474 1794 649 1859 thalamum
670 1794 758 1858 nobis
781 1793 819 1857 de
842 1793 916 1857 aula
936 1793 1059 1877 imperii
1082 1793 1127 1858 tui
1150 1795 1307 1877 preparari
1330 1798 1362 1860 et
1384 1795 1421 1860 de

240 1880 392 1962 sanguine
423 1883 477 1944 tuo
509 1898 636 1944 uxorem
670 1879 782 1943 ducere
809 1877 875 1944 Deo
907 1882 1064 1944 annuente
1092 1878 1313 1944 desideramus.
1363 1881 1424 1946 Em

243 1967 375 2049 propter
403 1965 588 2030 sublimitati
616 1967 689 2028 tuae
719 1965 833 2029 celeres
861 1966 894 2028 et
916 1964 1074 2048 expeditos
1095 1967 1222 2030 nuntios
1244 1966 1425 2050 promittere

246 2053 444 2127 curavimus,
477 2070 532 2134 per
562 2069 656 2133 quos,
689 2050 747 2114 sub
780 2049 864 2114 omni
896 2049 1093 2115 festinatione
1121 2050 1159 2114 ad
1185 2071 1242 2116 nos
1271 2054 1426 2131 remissos,

245 2137 416 2220 sapientiae
454 2139 528 2201 tuse
565 2155 660 2220 super
695 2136 754 2200 hoc
786 2136 979 2200 voluntatem
1011 2137 1044 2200 in
1078 2137 1162 2200 brevi
1195 2156 1425 2220 cognoscamus.

241 2220 415 2302 Quoniam,
439 2223 582 2305 omnibus
605 2241 662 2306 per
682 2221 804 2305 imperii
825 2222 922 2286 nostri
946 2222 1144 2286 latitudinem
1165 2223 1344 2305 provinciis,
1366 2225 1425 2288 Dei

242 2311 406 2392 prestante
445 2307 682 2392 omnipotentia,
720 2307 826 2389 quieta
861 2325 936 2390 pace
973 2307 1161 2384 fruentibus,
1201 2309 1426 2392 expeditionem

242 2396 388 2458 nostram
425 2413 533 2458 versus
566 2393 713 2478 Apuliam
750 2397 782 2457 et
815 2391 969 2458 Siciliam·
989 2412 1061 2458 cum
1095 2393 1215 2476 ingenti
1251 2397 1426 2480 principum

241 2485 420 2545 nostrorum
437 2498 473 2544 ac
489 2481 588 2545 tocius
609 2479 741 2543 miliciae
757 2478 870 2554 lavore,
892 2480 1075 2544 iuramentis
1091 2480 1230 2544 omnium
1253 2499 1298 2545 ex
1319 2501 1423 2546 more

241 2565 406 2643 firmatam
432 2565 684 2647 ordinavimus*),
707 2564 785 2629 etin
802 2566 1038 2647 superveniente
1055 2569 1163 2640 estate,
1185 2569 1324 2650 tempore
1339 2568 1423 2632 vide-

238 2650 312 2715 licet
341 2670 402 2733 quo
424 2670 514 2733 reges
536 2651 576 2715 ad
601 2651 684 2716 bella
706 2649 806 2714 solent
826 2649 1007 2733 procedere,
1037 2650 1068 2714 in
1099 2650 1279 2717 fortitudine
1308 2672 1423 2736 magna

239 2735 363 2820 imperii
384 2737 483 2801 nostri
504 2737 601 2820 Alpes
623 2736 755 2800 transire
778 2735 998 2819 disposuimus.
1041 2736 1111 2814 Eis,
1135 2755 1214 2818 quae
1236 2737 1274 2802 de
1295 2740 1422 2822 negocio

240 2822 370 2887 instanti
392 2823 588 2905 presentibus
609 2821 724 2904 legatis
745 2821 816 2886 riva
838 2840 912 2886 voce
935 2821 1064 2886 dicenda
1084 2822 1317 2902 mandavimus,
1345 2824 1422 2890 fides

245 2907 458 2972 indubitanter
478 2909 670 2972 adhibeatur.

725 3083 934 3090 Ἥ-

269 3180 365 3266 1111.
398 3181 534 3285 lririleg
557 3179 734 3266 lrlodricls
758 3180 782 3266 l.
806 3204 847 3266 an
874 3179 1018 3266 lcinrisl
1045 3179 1103 3264 don
1130 3177 1387 3279 1111111111

657 3297 726 3383 lul.
751 3297 824 3383 1111
850 3296 992 3400 1111.**1

535 3427 741 3497 (Mceklsnburg.
759 3426 974 3482 Urlumdsubuch
992 3427 1014 3495 1,
1034 3431 1068 3482 46
1087 3427 1116 3497 1.)
1169 3464 1174 3472 -

324 3541 400 3610 [Otto
421 3540 488 3595 Fris.
508 3538 591 3595 Gesta
608 3539 644 3606 H,
663 3557 685 3594 c.
708 3544 752 3595 11:
771 3540 866 3610 Itaque
883 3539 1040 3606 Fridsricus,
1060 3539 1122 3594 dum
1140 3540 1193 3594 iam
1211 3540 1264 3593 fere
1282 3557 1328 3610 per
1346 3540 1417 3594 bieu-

234 3614 310 3669 ninm
336 3613 370 3666 ad
389 3611 560 3666 decidendam
579 3611 654 3665 litem
674 3611 784 3664 duorum
802 3611 964 3681 principum,
983 3611 1049 3678 sibi,
1069 3613 1099 3664 ut
1118 3610 1218 3664 dietum
1236 3613 1292 3677 est,
1311 3627 1342 3664 ex
1359 3628 1418 3681 pro-

234 3684 384 3755 pinquitate
404 3683 541 3751 sanguinis
552 3685 610 3736 tarn
622 3681 748 3748 affinium,
767 3682 922 3746 laborasset,
934 3681 1042 3736 tandem
1055 3681 1164 3735 alterius
1175 3681 1313 3748 instantia,
1350 3682 1378 3736 ui
1389 3681 1417 3735 in

234 3758 373 3825 patemam
398 3753 587 3820 hereditatem,
611 3769 699 3822 aqua
719 3752 765 3806 diu
782 3752 922 3823 propulsus
940 3753 1041 3820 fuerat,
1064 3751 1149 3805 redire
1167 3751 1302 3822 cupiebat,
1326 3699 1417 3819 dorus,

331 3913 356 3981 ⁸)
373 3912 424 3966 Dia
441 3911 637 3980 Bssnhwdrung
655 3911 702 3965 dar
718 3911 860 3965 Romlahrt
877 3911 940 3964 laud
961 3911 1008 3964 auf
1023 3910 1082 3964 dem
1099 3910 1259 3978 Reiohstage
1277 3927 1309 3963 au
1326 3911 1418 3964 111111-

235 3985 313 4051 burg,
334 3983 414 4036 Mitte
433 3982 549 4036 Oltober
570 3985 637 4036 1112
656 3986 732 4036 statt
761 3981 825 4036 Otto
843 3981 910 4036 Fris.
931 3981 1014 4036 Gesta
1031 3981 1067 4048 Il,
1086 3997 1108 4036 c.
1124 3986 1154 4036 7:
1178 3997 1208 4035 ex
1242 3981 1308 4034 ditio
1320 3981 1416 4035 Italica

234 4095 241 4108 .
257 4095 285 4108 ..
304 4054 383 4124 paulo
395 4055 483 4106 minus
494 4070 575 4124 quam
588 4053 622 4106 ad
642 4053 707 4106 duos
726 4069 808 4105 annos
818 4053 908 4105 iurata
924 4055 973 4106 est.
1005 4052 1070 4105 Dcm
1084 4055 1204 4121 entsprec
1223 4051 1273 4105 end
1286 4052 1417 4106 berichtct

238 4126 356 4178 darselbe
367 4124 404 4188 11,
423 4141 445 4179 c.
461 4129 490 4206 11
502 4145 513 4206 ².
526 4125 647 4194 princeps
661 4165 667 4177 .
682 4166 688 4178 .
703 4167 708 4178 .
723 4140 791 4176 anno
802 4123 877 4190 regni
895 4124 937 4176 sui
956 4123 1037 4176 tercio
1050 4124 1141 4204 11114)
1159 4121 1187 4175 in
1205 4122 1343 4245 camHania
1360 4123 1415 4177 Lici

235 4237 241 4250 .
262 4239 268 4251 .
289 4239 294 4249 .
315 4197 386 4248 cirea
402 4195 560 4265 principium
578 4194 676 4248 mensis
688 4192 809 4248 Octobris
827 4193 939 4247 militem
957 4193 985 4247 in
999 4193 1106 4246 Italiam
1123 4191 1211 4245 iturus
1229 4209 1258 4245 eo
1280 4196 1336 4260 egit
1354 4235 1360 4248 .
1381 4236 1387 4248 .
1407 4235 1414 4246 .

233 4265 743 4335 linitiserquoiurataiuerat
775 4263 1048 4334 rimoexpeditio
1086 4261 1415 4318 eneduobusanuis.

322 4337 366 4395 “r
385 4336 442 4389 Das
453 4335 574 4404 Original
593 4336 639 4388 der
649 4282 777 4388 1111111111
795 4333 912 4388 bcfindet
929 4333 986 4387 sich
997 4333 1035 4386 im
1071 4332 1281 4414 rarmsohweiger
1294 4331 1414 4388 Gesamt·

234 4407 324 4462 archiv
343 4424 374 4460 au
391 4406 595 4471 Wolfenblitteh
622 4406 660 4459 sie
683 4405 722 4458 ist
762 4404 886 4458 ubliaiert
903 4404 1007 4458 worden
1025 4403 1053 4457 iu
1072 4402 1122 4456 den
1141 4401 1263 4470 Origines
1282 4402 1414 4458 Guelfioac

235 4478 289 4532 und
302 4476 420 4531 darnach
432 4476 469 4530 im
481 4477 697 4544 lllccklenburger
708 4475 747 4529 Ur
802 4475 931 4529 denbuch.
955 4473 1077 4528 Disselbe
1088 4474 1127 4526 ist
1138 4473 1224 4526 woder
1237 4473 1336 4528 datisrt
1346 4474 1415 4529 noch

236 4548 437 4618 rehognosuiert
473 4547 516 4600 Da
532 4546 668 4601 Friedrich
686 4545 744 4600 sich
762 4547 802 4599 als
819 4563 865 4599 rex
882 4543 1047 4612 beneiahnet‚
1073 4559 1147 4597 musa
1165 4542 1208 4597 die
1225 4543 1353 4598 Urlmnde
1370 4561 1416 4599 vor

1205 4615 1246 4679 6*
