3617 5284
353 535 375 597 4

354 704 538 768 beneficium
560 706 674 780 teneat,
705 704 802 768 donee
823 704 888 787 ipse
918 722 990 767 cum
1016 722 1072 768 suo
1100 703 1218 767 seniore
1246 707 1279 767 et
1305 703 1431 786 paribus
1460 705 1532 767 ante

353 793 493 854 nostram
514 789 723 872 praesentiam
746 789 880 854 veniunt.
932 789 1041 853 Senior
1063 793 1169 853 autem
1191 792 1247 853 aut
1268 789 1357 853 miles
1386 789 1440 871 qui
1467 790 1531 853 cul·

353 881 453 960 patur,
483 875 536 956 qui
560 875 599 939 ad
621 895 677 939 nos
700 876 803 940 venire
833 875 1015 949 decreverit,
1046 894 1098 938 sex
1126 874 1335 939 hebdomadas
1363 878 1531 957 antequam

353 963 411 1026 iter
433 961 568 1044 incipiat,
596 962 623 1024 ei
646 980 718 1025 cum
747 981 808 1042 quc
837 961 1006 1042 litigaverit
1032 962 1213 1025 innotescat.
1262 961 1331 1025 Hoc
1359 963 1464 1025 autem
1493 961 1531 1025 de

353 1048 521 1112 maioribus
544 1047 780 1111 walvassoribus
803 1047 991 1111 observetur.
1035 1047 1081 1110 De
1102 1047 1274 1111 minoribus
1298 1066 1367 1110 vero
1389 1047 1421 1110 in
1436 1065 1530 1128 regno

356 1136 505 1198 aut‘ante
529 1133 664 1198 seniores
687 1137 742 1196 aut
765 1137 836 1196 anto
858 1137 1002 1196 nostrum
1016 1133 1149 1196 missum
1164 1151 1271 1197 eorum
1286 1151 1381 1197 causa
1397 1133 1531 1197 finiatur.

354 1219 566 1303 Praecipimus
590 1220 693 1295 etiam,
716 1223 752 1282 ut
774 1237 846 1282 cum
869 1219 981 1300 aliquis
1003 1219 1101 1294 miles,
1131 1219 1194 1282 sive
1217 1219 1254 1282 (19
1277 1219 1445 1283 maioribus
1467 1219 1531 1283 sive

354 1306 391 1369 de
414 1304 599 1380 minoribus,
629 1305 666 1368 (19
695 1305 753 1368 hoe
782 1305 885 1369 seculo
915 1304 1111 1385 migraverit,
1140 1305 1222 1368 filius
1250 1306 1316 1369 eius
1346 1305 1530 1369 beneficium

353 1392 473 1455 haheat.
518 1390 552 1454 Si
573 1409 645 1454 vero
668 1389 766 1455 filium
788 1410 849 1455 non
875 1391 1026 1467 habuerit,
1056 1394 1088 1454 el
1109 1391 1298 1455 abiaticum)
1327 1410 1364 1454 er
1391 1393 1530 1456 masculo

354 1478 416 1541 filio
430 1476 598 1558 reliquerit,
621 1477 793 1560 parimodo
816 1476 1000 1541 beneficium
1021 1477 1142 1553 habeat,
1165 1480 1287 1542 servato
1302 1497 1363 1542 usu
1377 1477 1532 1542 maiorum

354 1563 574 1627 walvassorum
596 1561 628 1625 in
651 1562 760 1626 dandis
783 1563 871 1644 equis
895 1564 927 1626 et
948 1563 1043 1626 armis
1065 1563 1131 1626 suis
1160 1563 1339 1628 senioribus.
1392 1563 1425 1628 Si
1453 1562 1531 1628 forte

355 1649 523 1713 abiaticum
545 1667 582 1712 er
604 1649 667 1712 filio
689 1667 750 1712 uon
772 1648 948 1729 reliquerit,
978 1651 1010 1711 at
1031 1648 1160 1712 fratrem
1181 1649 1357 1730 legitimum
1386 1653 1531 1733 exparte

356 1735 452 1816 patris
475 1734 625 1810 habuerit,
656 1734 682 1798 si
705 1734 857 1798 seniorem
879 1733 1031 1798 offensum
1053 1735 1178 1812 habuit,
1207 1739 1240 1799 et
1261 1735 1319 1800 sibi
1347 1736 1416 1800 vult
1441 1737 1532 1800 satis·

353 1821 453 1885 facere
476 1825 507 1885 et
528 1820 617 1884 miles
633 1820 699 1884 eius
715 1820 801 1895 effici,
823 1820 1008 1884 heneficium
1030 1820 1112 1902 quod
1126 1821 1226 1903 patris
1241 1822 1312 1885 suibl
1332 1821 1392 1885 fuit
1409 1821 1530 1886 habeat

352 1907 484 1990 Insuper
506 1906 600 1970 etiam
623 1906 765 1970 omnibus
788 1906 888 1970 modis
911 1906 1125 1989 prohibemur,
1156 1909 1194 1970 nt
1225 1907 1331 1970 nullus
1363 1907 1465 1971 senior
1492 1907 1531 1972 dc

353 1992 500 2057 beneficio
523 2010 651 2056 suorum
679 1992 814 2055 militum
843 1991 1000 2056 cambium
1027 1995 1082 2056 aut
1110 1992 1282 2075 precariam
1311 1995 1366 2056 aut
1390 1993 1530 2057 libellum

354 2078 419 2143 siue
435 2097 542 2143 eorum
558 2097 708 2142 consensu
725 2077 825 2142 facere
840 2079 1029 2162 praesumat.
1067 2077 1126 2142 Illa
1147 2097 1219 2142 vero
1241 2079 1322 2143 bona
1343 2097 1423 2160 quae
1445 2082 1532 2144 tenet

354 2164 553 2249 proprietario
575 2164 650 2240 iure,
673 2165 729 2227 aut
750 2183 805 2248 per
825 2166 991 2247 praecepta
1013 2167 1070 2228 aut
1089 2167 1283 2248 perrectum
1304 2163 1444 2228 libellum
1467 2165 1531 2230 sive

353 2271 407 2334 per
429 2251 607 2334 precariam,
634 2269 725 2314 nemo
747 2249 862 2314 iniuste
884 2269 937 2314 ecs
966 2249 1128 2314 disvestire
1156 2251 1278 2314 audeat
1327 2250 1463 2315 Fodrum
1492 2252 1530 2316 (19

353 2335 488 2402 castellis
505 2335 585 2416 quod
602 2335 701 2400 nostri
720 2338 929 2400 antecessores
951 2336 1136 2412 habuerunt,
1157 2337 1270 2400 habere
1285 2337 1439 2414 volumus,
1454 2337 1529 2401 illud

354 2441 424 2486 vero
448 2421 531 2503 quod
552 2440 614 2485 non
635 2421 812 2485 habuerunt
839 2422 927 2486 nullo
956 2421 1047 2486 modo
1077 2421 1238 2503 exigimus.
1290 2422 1324 2487 Si
1351 2423 1421 2504 quie
1451 2423 1531 2488 hanc

354 2508 523 2572 iussionem
545 2505 720 2588 infregerit,
749 2507 815 2571 auri
844 2507 939 2573 libres
968 2509 1094 2571 centum
1125 2511 1303 2591 componat,
1330 2508 1530 2572 medietatem

355 2611 494 2658 camerac
521 2595 662 2668 nostrae,
693 2595 724 2656 et
746 2593 947 2658 medietatem
973 2592 1020 2656 illi
1048 2593 1097 2656 cui
1125 2593 1296 2676 dampnum
1322 2593 1447 2658 illatum
1474 2597 1530 2658 est

442 2679 573 2760 Signum
595 2679 700 2742 domni
716 2679 893 2744 chuonradi
906 2678 1094 2743 serenissimi
1109 2679 1321 2743 Romanorum
1335 2680 1531 2762 imperatoris

354 2765 489 2848 augusti.

439 2850 621 2915 Kadolchus
657 2851 858 2915 cancellarius
887 2851 952 2915 vice
980 2850 1164 2915 Herimanni
1201 2851 1460 2917 archicancellarii
1487 2872 1535 2917 re·

354 2956 491 3020 cognom.
1619 3004 1623 3012 ,

440 3023 558 3086 Datum
587 3025 616 3084 5.
638 3022 795 3086 Kalendas
817 3021 916 3099 Iunii,
944 3022 1110 3088 indictione
1133 3025 1161 3086 5.
1185 3042 1264 3088 anno
1293 3023 1463 3088 dominicae
1486 3025 1532 3088 iu-

356 3108 542 3175 carnationis
560 3109 651 3185 1037,
674 3127 754 3172 anno
777 3111 884 3172 autem
902 3108 1008 3172 domni
1023 3109 1200 3174 Chuonradi
1223 3109 1305 3191 regis
1329 3112 1377 3186 13,
1400 3111 1532 3194 impera·

356 3195 432 3260 toris
456 3197 504 3260 11.
526 3196 640 3258 Aetam
662 3193 694 3256 in
717 3193 873 3259 obsidione
895 3193 1063 3258 Mediolani
1085 3195 1224 3260 feliciter.
1267 3199 1375 3260 Amen.

533 3409 567 3484 b)
593 3409 757 3478 heinricho
780 3409 822 3476 ΙΙΙ.
847 3407 960 3477 dasch
982 3409 1060 3477 liber
1081 3411 1353 3492 lebenvcrlust.*)

731 3521 812 3588 (bion.
832 3519 920 3576 Germ.
940 3522 1008 3591 legg.
1028 3521 1064 3589 H,
1084 3524 1155 3588 43f.)

440 3652 613 3734 1999999199
639 3654 791 3733 augustus
813 3650 978 3716 Heinricus
1000 3651 1164 3716 secundus.
1213 3651 1260 3715 De
1281 3653 1418 3716 militum
1442 3653 1533 3718 bene·

349 3739 440 3820 ficiis,
463 3737 609 3820 quoniam
632 3737 741 3801 dubias
763 3737 926 3819 variasque
949 3757 1059 3802 causas
1081 3739 1114 3801 in
1137 3757 1232 3820 regno
1246 3741 1352 3803 nostro
1375 3758 1443 3803 esse
1463 3757 1534 3821 cog-

356 3825 514 3900 novimus,
550 3823 681 3904 ideoque
709 3823 747 3886 ad
780 3823 824 3886 rei
850 3823 992 3906 publicae
1023 3827 1142 3888 statum
1173 3824 1327 3904 quaedam
1355 3824 1533 3889 statuimus.

356 3911 390 3974 ai
414 3911 483 3992 quis
506 3929 577 3992 ergo
601 3909 761 3973 dominum
784 3927 876 3972 suum
893 3909 1097 3983 interfecerit,
1120 3910 1168 3973 vel
1191 3910 1406 3985 vulneraverit,
1430 3910 1532 3994 ipsum

355 3996 516 4061 domiuum
526 4014 655 4060 suamve
665 3995 823 4059 dominam
833 3995 995 4072 obsederit,
1018 3997 1066 4060 vel
1082 3998 1173 4060 eumd
1189 3995 1463 4072 cucurbitaveritu,
1484 3996 1532 4060 vol

427 4133 453 4200 a)
464 4133 522 4188 Cas.
534 4133 634 4202 Glosse,
645 4136 673 4189 id
683 4139 725 4189 est
733 4140 849 4206 nepotes.
867 4137 896 4204 h)
907 4136 976 4202 Cas,
987 4154 1011 4207 p.
1022 4138 1064 4190 eui
1073 4137 1114 4190 vel
1124 4137 1223 4192 fratrm
1242 4139 1266 4204 c)
1276 4136 1414 4202 Ardinone,
1425 4136 1533 4192 Summa

356 4204 592 4260 iurisFeudorum:
611 4223 667 4260 cam
688 4207 715 4274 (1)
729 4207 780 4274 vgl.
790 4207 868 4260 Liber
885 4205 1032 4260 Feudorum
1042 4207 1101 4272 ΙΠ.,
1120 4209 1163 4263 tit.
1183 4211 1208 4274 2,
1227 4209 1243 4274 ᾗ
1261 4213 1287 4261 l:
1305 4208 1328 4261 si
1344 4207 1431 4261 fidelis
1444 4225 1534 4261 cucur·

355 4275 480 4328 bitaverit
499 4275 639 4342 dominum,
659 4277 687 4330 id
705 4281 754 4343 est,
773 4293 831 4330 cum
845 4295 923 4331 irrora
934 4278 991 4331 eius
1003 4279 1190 4332 concubucrit.
1206 4320 1230 4333 ..
1250 4279 1289 4332 vel
1306 4279 1328 4331 si
1341 4295 1399 4332 cum
1416 4279 1471 4332 filia
1483 4283 1532 4333 ctu.

444 4347 473 4408 *l
492 4347 599 4401 dnm:
629 4347 806 4412 Giesebrecht,
831 4347 977 4402 Kaisorneit
995 4349 1030 4415 ΙΙ,
1050 4353 1101 4403 488
1124 4349 1184 4402 hale
1202 4349 1251 4402 don
1270 4348 1361 4402 Erlaas
1380 4349 1464 4403 dieses
1484 4351 1533 4404 Ge·

356 4421 438 4470 setzes
458 4418 504 4470 alif
520 4417 578 4470 dom
598 4417 742 4487 Reichstag
760 4435 791 4470 au
810 4419 903 4472 Zlirieh
926 4419 1042 4472 Febraar
1063 4425 1129 4473 lca-1
1148 4421 1190 4472 fiir
1204 4419 1429 4488 wahrscheinlioh,
1448 4420 1534 4475 Stein-

356 4487 431 4555 dorff,
449 4487 576 4541 Heinrich
593 4489 643 4543 111.
662 4489 698 4556 ΙΙ,
718 4492 767 4543 264
787 4491 829 4544 fiir
847 4490 924 4546 nicht
941 4489 1098 4560 unmbglich.
