3617 5284
1385 524 1448 587 229

294 695 330 770 c)
361 695 590 778 Eldesleislunp
620 697 677 762 der
706 695 917 764 151555Ιί5155
947 697 1007 763 ond
1036 695 1287 764 lombardlacheo
1312 695 1427 764 155511-

631 883 712 950 (non.
734 782 966 952 offieffgmb,
986 882 1085 948 1521.)

356 995 395 1059 In
423 997 548 1060 nomine
577 995 695 1061 domini
722 999 820 1062 nostri
842 997 920 1062 Jesu
944 996 1069 1062 Christi.
1112 997 1368 1081 Archiepiseopns
1391 997 1449 1064 Co-

271 1082 420 1146 loniensis
442 1084 474 1146 et
496 1082 685 1147 Gouliredus
715 1083 753 1146 de
774 1083 924 1148 Plozasea
945 1087 977 1147 et
999 1082 1164 1147 Raiuerius
1187 1083 1224 1146 de
1249 1084 1363 1149 Sancto
1385 1085 1449 1149 Na·

271 1169 395 1249 zario*)
427 1187 463 1231 ex
492 1170 581 1251 parte
609 1168 804 1252 imperatoris
831 1168 1020 1253 F(rideriei)‚
1052 1173 1084 1244 et
1113 1189 1149 1232 ex
1177 1172 1266 1252 parte
1293 1171 1449 1236 societatis

271 1255 417 1318 hlbertus
439 1254 478 1317 de
501 1254 658 1318 Gambara
673 1254 842 1320 Briniensis
865 1259 896 1319 et
912 1254 1070 1319 Gerardus
1085 1252 1193 1320 Pistus
1208 1255 1448 1320 Mediolanensis

271 1340 452 1404 iuraverunt
473 1339 512 1403 ed
536 1343 644 1404 sancto
665 1340 724 1404 Dei
746 1341 921 1423 evangelia,
955 1340 1037 1423 qnod
1065 1341 1237 1405 secundum
1265 1342 1370 1407 brevia
1391 1343 1450 1406 im·

270 1425 423 1508 peratoris
446 1430 478 1489 et
492 1426 658 1504 societatis
680 1427 839 1503 firmando,
864 1426 1013 1504 addendo,
1036 1427 1253 1503 abstrahendo,
1276 1429 1447 1494 seeundum

270 1510 354 1594 quod
374 1512 488 1576 melius
510 1512 555 1576 eis
577 1512 678 1576 visum
696 1511 800 1589 tuerit
822 1512 976 1578 bonafide
993 1515 1025 1577 51
1039 1512 1105 1576 sine
1120 1512 1229 1578 fraude
1245 1514 1284 1577 ad
1300 1515 1448 1579 honorem

270 1597 328 1661 Dei
350 1597 580 1662 concordabunt
602 1618 651 1673 se,
680 1617 735 1682 per
764 1599 846 1680 qnod
867 1599 981 1664 melius
1002 1617 1063 1682 pax
1084 1598 1150 1662 fieri
1172 1600 1272 1682 possit
1294 1606 1326 1664 51
1346 1602 1445 1665 teneri

269 1684 352 1748 inter
372 1683 476 1766 ipsum
499 1687 531 1747 51
552 1685 742 1749 Lombardos
765 1687 798 1749 et
812 1686 1007 1749 Marchiones
1030 1688 1124 1767 atque
1141 1684 1308 1750 veneciam
1326 1688 1358 1748 ct
1378 1687 1448 1751 flios

269 1769 308 1834 de
329 1770 530 1851 Romagnola
560 1771 614 1852 qui
648 1776 722 1834 sunt
743 1771 782 1835 de
804 1771 964 1846 societate,
992 1770 1103 1834 debinc
1124 1789 1225 1853 usque
1248 1772 1287 1836 ad
1310 1771 1447 1836 medium

268 1855 409 1919 bladium
431 1857 481 1919 vel
496 1855 535 1920 od
552 1857 649 1920 ulium
671 1856 841 1921 terminum
863 1875 1016 1921 consensu
1036 1857 1312 1941 utriusquepartis
1329 1858 1448 1922 datum.

267 1941 352 2005 lllud
373 1941 457 2005 idem
478 1943 583 2006 iurare
604 1941 697 2006 debet
718 1961 801 2006 unus
823 1943 861 2007 de
883 1942 1074 2026 Verona.**)

405 2115 440 2188 d)
463 2113 715 2199 Schiedasproeh
738 2117 795 2182 der
817 2115 953 2184 11555515
974 2132 1035 2184 von
1059 2115 1306 2196 ltremoua.***)

628 2217 710 2285 11155.
729 2216 817 2272 Germ.
837 2218 905 2286 legg.
924 2217 960 2284 11,
983 2221 1032 2272 169
1051 2217 1090 2284 ff.)

356 2329 388 2382 In
413 2329 517 2383 nomine
540 2329 638 2384 domini
664 2331 748 2384 nostri
771 2330 835 2384 Jesu
862 2330 971 2386 Christi.
1007 2330 1100 2386 Amen.
1136 2331 1312 2385 Nossemus
1330 2331 1360 2384 ln
1379 2346 1446 2386 con·

268 2399 385 2469 cordia,
409 2399 485 2468 quod
502 2399 635 2456 5151155155
653 2403 684 2456 51
702 2415 839 2470 persone,
863 2415 918 2468 que
937 2403 1005 2456 suut
1022 2402 1054 2456 lu
1071 2400 1210 2457 societate
1227 2401 1398 2456 lombardie
1417 2404 1448 2457 51

268 2484 330 2524 esse
347 2470 550 2541 intelligimus,
568 2471 630 2526 sine
648 2472 750 2527 haudo
767 2472 858 2526 15151
877 2487 977 2539 pacem
996 2474 1027 2527 51
1044 2472 1226 2528 concordiam
1240 2471 1368 2526 habeant
1381 2487 1446 2526 cum

268 2540 383 2596 domino
401 2541 577 2609 imperatore
595 2542 759 2612 1155155155,
776 2545 951 2610 recuperato
968 2542 1029 2598 elus
1048 2542 1165 2609 gratia:

359 2617 382 2667 1.
411 2613 451 2680 [2]
477 2613 625 2666 scilicet
643 2617 677 2666 ut
694 2613 886 2684 imperator
904 2614 1034 2667 habeat
1051 2613 1139 2668 omnic
1157 2613 1212 2678 illa,
1231 2629 1281 2682 que
1299 2614 1447 2668 5515515-

267 2699 416 2736 55555555
445 2683 636 2737 habuerunt
668 2701 685 2736 a
714 2685 891 2754 predictis
915 2685 1129 2738 civitatibus
1155 2688 1189 2738 et
1213 2685 1370 2754 personis
1394 2687 1446 2740 vel

267 2754 339 2806 suis
367 2755 658 2808 antecessoribus
682 2754 962 2809 sinemanilesto
986 2760 1058 2810 metu
1085 2759 1113 2809 et
1140 2755 1265 2809 violentia
1289 2771 1305 2807 a
1330 2757 1446 2826 tempore

267 2825 429 2893 postremi
449 2824 558 2878 Henrici
575 2825 749 2894 imperatoris,

356 2899 380 2948 2.
401 2895 459 2964 [ln]
479 2895 642 2949 videlicet
653 2896 756 2949 iodrum
770 2898 895 2965 regaleet
905 2900 1057 2950 consuetum
1068 2897 1280 2950 siveoonauetam
1289 2899 1408 2966 paratam
1431 2920 1445 2945 5

267 2968 294 3019 51
313 2969 465 3019 consuetum
484 2967 627 3020 transitum
645 2969 673 3019 et
691 2967 823 3021 sufficiens
840 2969 993 3022 mercatum.
1022 2967 1063 3020 Et
1081 2967 1185 3020 debet
1202 2966 1316 3020 15555155
1328 2965 1444 3036 pacifice,

266 3037 307 3090 ita
324 3036 394 3106 quod
413 3036 440 3089 in
457 3035 610 3107 episcopatu
636 3038 676 3090 vel
701 3038 829 3091 comitatu
848 3039 936 3108 aliquo
955 3037 1150 3091 fraudulentam
1168 3053 1268 3091 moram
1287 3053 1338 3090 non
1356 3037 1442 3092 155151.

267 3107 427 3160 Vassalli
446 3124 581 3188 quoque
598 3106 823 3162 fidelitatem
840 3109 1042 3178 imperatori
1056 3110 1086 3162 et
1097 3107 1157 3161 ffllo
1169 3107 1231 3163 elus
1242 3106 1369 3162 ilenrico
1381 3107 1445 3174 recl

266 3177 367 3231 1551551
392 3180 421 3230 51
446 3177 636 3247 expedrtionem
668 3181 704 3231 et
728 3179 741 3230 1
746 3179 875 3245 acient,
909 3179 1050 3232 seeundum
1094 3176 1145 3231 uod
1171 3178 1241 3231 soliti
1267 3180 1330 3230 sunt
1353 3181 1381 3231 et
1404 3181 1446 3232 est

266 3249 377 3318 antiqua
395 3248 587 3313 consuetudo*
608 3250 718 3302 remissa
735 3249 805 3303 omni
826 3249 974 3304 offensione.
1003 3195 1149 3304 delabere
1162 3261 1274 3316 quoque
1288 3249 1444 3303 secundum

265 3333 360 3373 mores
378 3317 530 3374 civitatum
548 3317 719 3374 fidelitatem
742 3318 881 3387 suscipiat
898 3319 960 3387 lpse
978 3321 1009 3374 et
1027 3319 1103 3374 111155
1121 3319 1182 3374 5155
1226 3319 1349 3374 remissa
1366 3319 1444 3373 omui

266 3388 439 3456 ollenalonc3
457 3391 488 3444 51
506 3387 642 3444 similiter
658 3389 780 3445 remissa
804 3391 882 3445 omul
906 3389 1061 3445 5115551555
1086 3355 1253 3445 ciuitatibus
1278 3391 1309 3444 et
1326 3389 1396 3444 15515
1414 3391 1445 3444 51

265 3460 406 3529 potacula,
424 3474 479 3528 que
498 3461 567 3514 suut
584 3460 629 3516 vel
648 3461 767 3516 luerunt
784 3474 822 3515 cx
840 3463 924 3530 purte
943 3459 1138 3529 Imperatoris.

353 3537 378 3585 3.
399 3532 457 3601 [13]
475 3531 589 3600 Regalis
606 3548 679 3598 vero,
702 3549 753 3602 que
776 3549 823 3602 per
846 3549 905 3586 eum
930 3533 971 3586 vel
998 3535 1173 3586 antecessores
1192 3531 1248 3584 eius
1267 3533 1321 3584 tam
1341 3531 1443 3584 clericis

265 3618 344 3672 qoam
364 3602 441 3684 151515
458 3602 565 3655 buerunt
582 3602 691 3656 detenta
708 3605 736 3657 et
756 3619 805 3685 per
832 3603 919 3685 ipsum
948 3621 994 3656 scu
1021 3606 1197 3657 antecessores
1224 3603 1281 3655 5155
1309 3601 1443 3666 investito,

265 3673 353 3742 quiete
379 3673 500 3726 drmrttat
522 3690 569 3726 nec
593 3673 626 3726 de
651 3676 736 3727 cetero
754 3673 889 3743 impediat.
927 3673 1032 3730 Cetera
1058 3687 1125 3728 vero
1152 3672 1266 3738 regalia
1293 3673 1443 3742 consueta,

355 3871 379 3936 *l
398 3869 452 3923 Der
470 3874 568 3924 cratere
588 3873 760 3926 5151551555
778 3871 900 3942 Copiton,
931 3873 976 3925 der
998 3873 1106 3926 letutere
1131 3873 1172 3926 ein
1191 3872 1294 3942 Biirger
1311 3889 1334 3927 v.
1354 3873 1442 3928 Paria.

336 3940 376 4007 **)
396 3939 462 3994 Cozo
480 3959 504 3994 v.
522 3942 632 3996 Verona
670 3943 695 3996 S.
715 3942 758 3996 dre
775 3943 841 3996 oben
860 3943 964 3996 51115515
983 3942 1064 3996 815115
1083 3960 1130 3996 555
1150 3943 1225 4009 Boso,
1244 3943 1299 3996 vit,
1319 3943 1406 3997 Aion!

319 4011 376 4076 m)
394 4011 458 4065 Was
483 4013 603 4065 wdrtiich
628 4030 676 4066 aus
702 4014 761 4066 dem
779 4013 1044 4082 dhiodensropschlag
1071 4013 1118 4067 der
1139 4013 1303 4067 lombarden
1321 4013 1443 4068 berdber-

264 4097 417 4150 genommen
436 4082 538 4136 worden
557 4083 606 4148 151,
634 4083 671 4137 151
689 4083 772 4137 durch
790 4083 932 4137 leichteren
951 4084 1040 4138 Druck
1065 4083 1299 4150 gekennzeichnet,
1326 4085 1375 4138 das
1392 4085 1443 4138 mit

264 4152 443 4222 sprachlicher
465 4153 656 4222 Verbuderong
678 4155 966 4222 Herlibergenommene
990 4155 1028 4207 151
1051 4155 1078 4208 15
1097 4157 1248 4224 gesperrten
1267 4155 1374 4208 Iettern
1399 4171 1443 4224 ge-

263 4223 355 4290 geben.
392 4223 442 4276 Ein
461 4224 605 4277 Stemchen
623 4225 761 4278 innerhulb
780 4225 826 4278 des
844 4225 986 4279 leichteren
999 4225 1103 4278 Drooks
1121 4225 1191 4294 aeigt
1209 4241 1250 4292 an,
1270 4224 1332 4278 dass
1350 4243 1383 4279 an
1397 4225 1443 4279 der

263 4293 440 4346 betreffendeu
453 4294 535 4348 Stelle
545 4312 595 4348 ron
608 4295 691 4348 seiten
704 4296 751 4350 der
759 4295 935 4349 Kramonesen
946 4295 1096 4364 gestriehen
1109 4295 1212 4350 worden
1224 4296 1269 4350 ist.
1287 4296 1337 4350 Die
1347 4295 1443 4351 hidem

263 4364 291 4487 iln
310 4365 343 4488 ΕΙ]
363 4365 519 4419 bezeichnen
543 4365 586 4419 die
603 4365 799 4436 einscblligigen
818 4366 922 4420 Artikel
946 4367 983 4420 im
1001 4365 1279 4436 Friedensvorschlsge
1303 4366 1441 4421 (1551551-

282 4451 312 4487 ar
330 4453 370 4490 en.
