3617 5284
335 533 354 597 6

335 705 475 785 relinquo
497 704 600 774 vobim
624 721 733 786 paoem
755 721 859 766 meam
881 700 919 766 do
935 702 1047 766 vobis“.
1090 701 1182 766 Unde
1204 701 1332 766 mittens
1354 702 1513 784 praediea-

335 795 417 853 tores
440 809 512 854 suos
535 789 567 852 in
585 789 739 854 mundum
754 787 910 872 praesepit
925 787 1047 851 diesne:
1070 787 1124 862 ,In
1141 805 1370 869 quemeumque
1385 788 1513 853 domum

335 876 536 950 intraveritis,
565 875 702 957 primum
731 873 840 938 dieite:
870 873 936 936 Pax
964 872 1038 936 huie
1065 872 1179 936 domui.
1222 874 1263 937 Et
1293 873 1319 937 si
1348 874 1391 938 ibi
1418 874 1514 939 fuerit

335 962 416 1026 lilius
438 962 532 1045 panis,
561 962 735 1042 requiescet
762 978 856 1043 super
882 959 973 1022 illum
1002 977 1062 1042 pax
1090 963 1221 1022 vestra‘t
1250 997 1290 1006 -
1319 958 1400 1023 Vere
1429 960 1513 1024 filius

336 1048 419 1130 paeis
443 1047 531 1122 estis,
564 1065 600 1110 ao
620 1045 689 1111 ideo
717 1065 785 1129 pax,
815 1063 911 1126 quam
938 1043 1051 1108 veritas
1080 1063 1136 1128 per
1165 1046 1319 1127 apostolos
1349 1046 1448 1122 misit,
1479 1047 1512 1110 in

336 1133 425 1197 eorde
447 1137 550 1197 vestro
572 1131 745 1213 requiescit,
767 1132 871 1195 itaut
893 1130 1110 1195 eonvenienter
1137 1129 1174 1194 de
1197 1131 1283 1194 vobis
1310 1131 1369 1194 diei
1397 1133 1511 1214 possit:

335 1221 372 1282 In
403 1218 555 1283 domicilio
588 1219 720 1301 pectoris
753 1217 847 1281 vestri
873 1215 1082 1280 misericordia
1110 1220 1142 1279 et
1169 1216 1283 1280 veritas
1310 1217 1514 1282 obviavemnt

337 1304 411 1368 sibi:
438 1303 558 1368 iustitia
580 1308 612 1368 et
633 1323 692 1387 pax
715 1303 871 1368 oseulatae
900 1306 982 1366 sunt
1031 1301 1241 1366 Miserioordia
1269 1320 1366 1365 novae
1395 1305 1513 1385 gratiae

338 1395 369 1455 et
380 1387 467 1478 (se)
482 1390 596 1454 veritas
610 1390 719 1471 legalis
742 1388 955 1453 observantiae
977 1387 1035 1452 sibi
1056 1387 1188 1451 invicem
1211 1389 1369 1452 obviantes
1393 1393 1514 1453 statuta

337 1497 395 1542 sua
417 1478 447 1540 in
471 1476 556 1540 vobis
586 1476 861 1547 oonlirmaverunt;
890 1474 1012 1537 iustitia
1039 1475 1071 1536 et
1096 1491 1157 1556 pax
1184 1472 1339 1537 fraternae
1361 1475 1514 1539 Karitatis

336 1565 442 1628 osenla
463 1561 721 1644 praelibaverunt,
744 1580 814 1624 oum
838 1560 981 1623 universo
1003 1578 1097 1640 regno
1126 1563 1228 1624 vestro
1250 1563 1340 1624 tanta
1355 1580 1515 1625 ooneor·

337 1651 420 1714 diae
443 1648 642 1728 foedera*)
672 1649 925 1729 composuerunt,
956 1648 999 1709 ut
1024 1645 1182 1708 eunetis
1211 1649 1316 1710 retro
1338 1648 1514 1711 saeoulis

338 1738 368 1800 si
378 1740 419 1799 nt
440 1733 624 1798 inaudita.
658 1731 759 1814 Igitur
771 1732 857 1795 nulla
872 1731 1003 1795 alieuius
1019 1730 1187 1795 diaeordiae
1202 1731 1342 1813 vestigia,
1356 1751 1514 1814 nusquam

338 1821 455 1885 fraudis
471 1820 729 1894 machinamento,
746 1817 888 1882 abiemnt
902 1817 994 1892 hirta,
1010 1821 1210 1881 oessavemnt
1224 1817 1392 1900 saerilegia,
1404 1822 1516 1902 paeata

339 1912 413 1972 sunt
438 1906 588 1980 universa,
613 1905 658 1969 ita
680 1908 717 1968 ut
738 1904 825 1967 iuxta
847 1902 963 1967 domini
984 1902 1137 1986 promissa
1157 1903 1273 1966 inimici
1296 1904 1430 1968 hominis
1451 1905 1515 1968 sint

339 1991 499 2056 domestioi
512 1992 586 2054 eius.
616 1989 692 2068 Quis
703 1991 761 2054 hoe
776 1988 988 2073 optatissimae
1003 1989 1087 2071 paoia
1103 1988 1219 2052 donum
1235 1990 1367 2054 arebano
1382 1991 1515 2074 pectoris

339 2079 434 2143 vestri
456 2077 625 2160 inspiravit
647 2077 706 2140 nisi
727 2076 787 2152 ille,
811 2075 864 2156 qui
886 2093 942 2158 per
963 2075 1146 2158 prophetam
1167 2093 1277 2157 paoem
1299 2095 1392 2160 super
1407 2095 1516 2159 paoem

341 2165 454 2228 donare
469 2163 633 2246 promisit?
655 2161 743 2245 „Ipse
759 2165 831 2237 est‘,
853 2165 890 2224 ut
905 2161 1064 2243 apostolus
1080 2160 1131 2236 ait
1145 2179 1223 2244 „pax
1236 2163 1351 2235 nostra,
1373 2163 1427 2243 qui
1441 2163 1517 2226 feeit

341 2253 472 2331 utraque
495 2255 619 2312 unum‘t
662 2247 733 2330 Ipse
755 2246 787 2309 in
810 2246 988 2328 evangeliea
1008 2248 1143 2310 testatur
1158 2245 1280 2310 dicens:
1303 2247 1412 2324 „Beati
1433 2249 1517 2331 paei-

340 2336 406 2412 fioi,
441 2334 587 2416 quoniam
616 2333 671 2396 filii
698 2332 748 2396 dei
774 2333 993 2396 vorabuntur.
1053 2332 1098 2397 Ut
1127 2351 1181 2396 vos
1206 2333 1302 2414 igitur
1327 2334 1359 2396 in
1385 2353 1516 2398 numero

340 2421 474 2485 liliorum
497 2419 545 2482 dei
568 2419 686 2483 oenseri
708 2419 844 2493 valeatis,
868 2417 1105 2482 miserieorditer
1127 2417 1270 2482 dominus
1293 2419 1451 2494 consessit,
1480 2423 1517 2483 ut

341 2507 372 2569 in
396 2510 461 2570 toto
483 2524 578 2586 regno
606 2509 708 2569 vestro
736 2503 897 2568 foedera
926 2504 1075 2586 pacis*)
1104 2503 1330 2585 mniungeretis
1351 2505 1517 2588 implentes

342 2592 426 2667 illud,
438 2591 520 2673 quod
532 2591 676 2654 dominus
687 2609 742 2674 per
753 2589 949 2673 psalmistam
960 2589 1109 2672 praecipit
1120 2589 1241 2654 dioens:
1254 2590 1397 2672 ,Inquiro
1409 2610 1518 2675 paoem

343 2683 374 2742 et
402 2695 586 2761 persequere
616 2681 710 2739 eam“.
759 2675 841 2739 Huio
867 2693 1002 2740 oonsona
1029 2675 1180 2758 praeeipit
1208 2677 1366 2758 apostolus
1395 2677 1516 2742 dioeus:

343 2762 533 2844 „Sequimini
555 2779 663 2845 paoem
679 2765 717 2825 et
739 2761 984 2834 sanctimoniam,
1007 2760 1073 2823 sine
1096 2779 1158 2842 qua
1179 2779 1270 2824 nemo
1285 2761 1402 2826 videbit
1420 2763 1518 2826 dorni-

343 2855 444 2912 num‘t
488 2847 573 2910 Haec
596 2847 669 2928 quia
690 2847 880 2910 insessauter
895 2846 987 2927 agitis
1006 2850 1038 2909 et
1052 2846 1212 2910 Christum
1227 2847 1259 2910 in
1275 2866 1400 2931 corpore
1415 2852 1517 2912 vestro

343 2934 488 3018 portatis,
522 2951 577 3016 per
608 2931 698 2995 illum
730 2931 844 3012 ubique
874 2931 1042 3015 pugnando
1074 2932 1274 3015 triumphatis
1308 2952 1344 2997 ao
1374 2952 1518 2998 eoronam

343 3020 468 3084 victorie
497 3019 625 3082 domum
652 3017 829 3101 reportatis,
859 3016 905 3081 ita
933 3020 970 3081 ut
997 3036 1069 3080 eum
1099 3017 1211 3100 populo
1239 3019 1325 3082 vobis
1354 3020 1518 3083 commisso

345 3105 450 3169 audire
473 3103 601 3168 valeatis
626 3121 644 3166 a
659 3101 796 3166 domino:
820 3101 990 3180 „Dominus
1005 3103 1157 3185 pugnabit
1171 3122 1226 3186 pro
1241 3105 1342 3178 vobis;
1366 3124 1420 3169 vos
1435 3108 1518 3168 taee-

343 3191 449 3261 bitis“;
478 3195 515 3253 ut
536 3189 590 3253 illa
610 3189 728 3272 Joseph
755 3187 925 3252 benediolio
954 3187 1073 3252 advos
1101 3188 1267 3270 dirigatur,
1297 3209 1361 3271 qua
1388 3190 1516 3254 dieitur:

344 3276 446 3351 „Deus
469 3275 566 3360 patris
588 3275 635 3338 tui
660 3275 719 3337 erit
741 3273 863 3338 adiutor
884 3277 959 3338 tuus
982 3278 1013 3337 et
1035 3274 1230 3357 omnipotens
1252 3276 1412 3340 benedieet
1436 3276 1518 3340 tibi“.

344 3399 385 3408 —
409 3361 476 3425 Hau
497 3360 706 3424 benedictione
730 3360 846 3424 ditatus
875 3378 975 3442 nuper
997 3379 1068 3424 eum
1090 3359 1238 3441 Ungariis
1266 3361 1387 3426 fortiter
1415 3362 1519 3426 dener·

344 3447 435 3511 tastis
458 3450 489 3510 et
511 3445 677 3530 pugnando
699 3445 830 3520 vicistis,
858 3446 962 3509 itaut
988 3445 1124 3528 plurima
1153 3446 1290 3511 hostium
1318 3448 1518 3512 multitudine

344 3536 410 3596 tam
439 3531 541 3612 gladio
569 3531 778 3614 interemptis,
807 3550 902 3612 quam
928 3531 1017 3612 aquis
1044 3532 1213 3596 submersis
1242 3533 1396 3597 cautinum
1418 3534 1520 3616 Moysi

345 3621 470 3682 eantare
492 3617 636 3682 valeatis:
660 3617 847 3693 „Cantemus
870 3616 1008 3693 domino,
1037 3617 1168 3698 gloriose
1191 3619 1272 3682 enim
1301 3619 1520 3700 magnilioatus

346 3707 408 3777 est3
432 3722 548 3784 equum
571 3705 602 3766 et
626 3721 819 3767 assensorem
848 3702 976 3785 proieoit
1004 3703 1036 3765 iu
1063 3721 1158 3766 mare.
1202 3704 1363 3768 Fortitudo
1391 3724 1462 3769 mea
1489 3710 1520 3769 et

345 3791 414 3853 laus
436 3807 506 3852 mea
528 3788 679 3864 dominus,
702 3793 734 3852 et
755 3788 855 3853 faetus
879 3793 928 3852 est
948 3789 1025 3852 mihi
1048 3789 1080 3851 in
1102 3789 1261 3854 salutem“.

449 3932 554 3940 -οι

436 3983 460 4044 “)
479 3979 584 4034 dnm:
603 3980 663 4048 Vgl.
682 3981 816 4034 Hermann
836 3999 859 4035 v.
879 3981 1029 4034 Reiehenan
1049 3980 1083 4033 ad
1102 3997 1162 4034 anri.
1180 3984 1258 4035 1043:
1280 3981 1326 4047 „Iu
1345 3981 1443 4049 syuodo
1456 3981 1522 4035 (bu-

346 4050 486 4104 stantiensi
506 4051 626 4120 precibus
651 4056 679 4106 et
697 4051 926 4104 adhortationibus
949 4068 1039 4104 uiueres
1063 4055 1213 4122 praesentes
1231 4051 1404 4120 Snevigenas.
1430 4057 1522 4122 postea

345 4121 373 4174 in
392 4121 452 4174 aliis
471 4123 544 4190 regui
563 4123 604 4175 sui
624 4122 763 4191 provinciis
782 4123 851 4175 idem
871 4125 958 4175 natum
978 4123 1011 4175 iri
1031 4125 1164 4190 satagens,
1182 4123 1300 4175 dimissis
1318 4123 1416 4176 debitis
1434 4128 1462 4176 et
1474 4123 1522 4176 ini-

346 4191 454 4245 micitiis
479 4192 530 4244 sihi
556 4193 666 4246 invisam
693 4193 872 4247 reconciliavit
897 4209 1080 4278 pacemque
1105 4193 1225 4246 multis
1252 4193 1407 4246 saeculis
1429 4195 1523 4246 inau-

346 4262 450 4315 ditam
479 4262 594 4316 elfioiens
622 4280 668 4333 per
696 4264 811 4317 adiutum
840 4263 1011 4316 continuavit.
1059 4263 1163 4316 Eberrao
1194 4263 1310 4316 Arinales
1337 4265 1522 4332 Sangallenses

346 4333 457 4386 maiores
490 4332 524 4385 ad
550 4351 645 4386 annum
678 4337 743 4388 1043
771 4351 796 4388 u.
816 4333 941 4386 Lambert
968 4351 991 4386 v.
1011 4333 1132 4386 Hersseld
1162 4333 1196 4386 nil
1224 4350 1321 4387 annum
1350 4340 1424 4388 1044.
1471 4333 1522 4388 Eia

346 4403 517 4456 Reiehsedilrt
534 4403 675 4458 Heinriohs
694 4403 742 4458 III.
769 4405 806 4457 ist
830 4404 905 4458 nieht
928 4405 975 4456 arvi
996 4421 1045 4456 uns
1070 4405 1231 4471 gelommeu.
1256 4435 1289 4443 -
1308 4405 1369 4473 Vgl.
1398 4406 1522 4474 librigens

347 4473 394 4528 Nr.
417 4478 447 4528 17
472 4473 526 4526 und
548 4477 588 4541 18,
608 4475 684 4528 sowie
703 4475 818 4543 Anhang
835 4476 863 4541 b)
884 4475 937 4528 oud
955 4479 989 4541 e).
