3617 5284
367 523 411 592 38

366 693 553 760 faverunt
573 694 709 779 tibi*);
735 712 842 759 nnnc
867 713 958 760 vero
987 694 1092 760 sicut
1119 711 1258 760 manus
1287 697 1379 759 tuac
1406 697 1550 759 contra¹

368 799 513 857 omnes,
535 781 591 847 sic
612 800 753 847 manus
774 781 949 846 omnium
971 783 1110 846 contra
1131 783 1177 844 te.
1211 779 1349 844 Mundus
1372 783 1421 844 est
1442 798 1547 845 asan·

368 867 462 948 girino
473 867 671 932 tuomundus
679 866 789 943 omnis,
821 869 923 932 taeter
934 869 966 932 te
978 867 1077 932 solam
1088 867 1120 930 et
1131 865 1210 931 filios
1223 867 1302 944 tuos,
1315 865 1369 948 qui
1380 865 1412 928 in
1423 867 1456 929 te
1464 867 1547 929 sunt.

368 951 435 1017 Vae
453 971 526 1035 ergo
543 972 628 1017 nunc
643 953 709 1030 tibi,
720 971 781 1036 pop
817 971 834 1017 e
851 952 1037 1030 miserande,
1050 952 1082 1017 et
1098 969 1155 1017 vae
1167 950 1262 1036 duplo
1277 967 1374 1034 quam
1386 952 1467 1028 ante,
1483 969 1546 1015 non

368 1039 408 1102 ab
419 1039 531 1103 extens
542 1038 730 1116 nationibus,
737 1037 969 1103 nonateritate
976 1038 1186 1115 barbarorum,
1196 1036 1434 1102 nonamillibus
1446 1055 1547 1101 arma·

368 1127 482 1188 torum
503 1123 570 1189 Vae
584 1126 711 1189 tantum
726 1143 745 1188 a
758 1122 837 1188 facie
851 1126 979 1189 tuorum
997 1123 1067 1198 tibi3
1090 1141 1147 1188 vae
1162 1141 1181 1188 a
1195 1123 1372 1188 domesticis
1384 1125 1417 1187 et
1431 1123 1547 1199 amicis,

369 1227 389 1272 a
404 1209 491 1274 clade
506 1209 664 1288 intestina
679 1228 699 1274 a
712 1209 851 1274 omciatu
865 1207 1123 1293 praecordiorum,
1136 1227 1155 1272 a
1172 1209 1360 1274 tortionibus
1375 1209 1547 1274 viscerum!

455 1295 645 1378 Agnoscisne
666 1296 738 1372 iam,
760 1294 835 1377 quia
861 1315 924 1361 non
945 1311 1053 1360 omnes
1080 1294 1200 1378 pacifici
1224 1295 1277 1377 qui
1300 1294 1469 1372 domestici,
1490 1313 1548 1358 nec

370 1399 478 1445 omnes
508 1380 599 1445 amici
626 1381 680 1463 qui
709 1380 875 1446 videntur?
923 1381 966 1444 Et
992 1381 1019 1445 si
1045 1379 1122 1444 alias
1149 1398 1349 1457 noveramus,
1381 1379 1436 1444 sed
1465 1398 1548 1443 nunc

369 1484 426 1548 per
453 1467 485 1531 te
513 1465 709 1532 manifestius
737 1465 903 1531 edocemur
931 1485 1056 1531 omnem
1084 1465 1249 1531 vamtatem
1284 1465 1367 1530 illius
1396 1465 1547 1529 sermonis

369 1551 510 1628 Domini,
539 1571 634 1634 quem
661 1551 754 1616 dixit:
796 1550 953 1631 Quoniam
981 1551 1098 1616 inimici
1126 1551 1262 1616 hominis
1290 1550 1451 1616 domestici
1480 1549 1548 1615 eius

368 1636 493 1720 (Mattb.
507 1637 546 1714 X,
561 1639 625 1722 36).
660 1638 728 1703 ‘Vae
742 1637 975 1703 fratrialratre
999 1638 1034 1702 in
1055 1636 1157 1703 medio
1178 1637 1226 1701 tui
1248 1639 1280 1702 et
1301 1636 1415 1701 filiisa
1457 1654 1546 1700 aren-

367 1723 470 1787 tibus!
499 1722 566 1788 Vae
587 1743 650 1789 non
673 1742 692 1789 a
713 1722 832 1805 gladiis,
854 1723 910 1788 sed
932 1742 952 1788 a
972 1723 1062 1788 labiis
1084 1722 1199 1805 iniquis
1215 1725 1247 1788 et
1268 1723 1410 1804 elingua
1445 1722 1544 1786 elesa!

369 1808 542 1891 Usquequo
572 1809 655 1874 male
687 1810 720 1873 in
751 1809 835 1875 malo
864 1828 919 1874 vos
948 1809 1135 1874 alterutrum
1163 1808 1344 1874 confortatis
1374 1811 1407 1873 et
1435 1807 1545 1890 gladiis

369 1893 523 1959 labiorum
544 1895 677 1959 invicem
698 1895 852 1972 demitis,
878 1895 1013 1959 invicem
1033 1893 1175 1978 perditis,
1202 1897 1239 1959 ut
1260 1894 1453 1959 abinvicem
1475 1912 1548 1958 con·

369 1981 561 2045 sumamini?
597 1979 844 2064 Congregamini,
866 1999 939 2045 oves
954 1980 1121 2064 dispersae,
1142 1980 1241 2046 redite
1257 1980 1296 2045 ad
1310 1998 1435 2064 pascua,
1449 1979 1547 2044 redite

369 2065 408 2129 ad
430 2065 592 2130 Pastorem
622 2067 655 2131 et
683 2065 872 2150 Episcopum
894 2067 1070 2131 animarum
1091 2069 1275 2131 vestrarum.
1318 2065 1438 2142 Redite,
1460 2083 1549 2149 prae-

370 2151 564 2228 varicatores,
587 2151 627 2216 ad
641 2169 701 2216 cor.
737 2150 828 2230 Quod
843 2150 962 2234 loquor,
984 2171 1046 2216 non
1062 2153 1152 2234 quasi
1166 2152 1266 2218 bostis
1289 2151 1471 2227 convicians,
1493 2150 1547 2216 scd

371 2237 461 2318 qnasi
484 2237 602 2302 amicus
632 2237 807 2318 obiurgans
850 2236 954 2302 Habet
981 2256 1055 2302 vera
1083 2237 1220 2302 amicitia
1248 2255 1474 2319 nonnunquam
1495 2237 1548 2301 ob-

371 2322 586 2404 iurgationem,
609 2322 819 2388 adulationem
841 2341 1013 2405 nunquam.

459 2407 521 2474 Sed
548 2408 708 2491 iungimus
736 2411 769 2473 et
793 2409 1046 2486 obsecrationem.
1090 2408 1298 2474 Obsecramus
1329 2426 1386 2491 pro
1416 2407 1548 2483 Christo,

372 2493 612 2558 reconciliamini
625 2493 700 2572 Deo,
711 2493 952 2559 reconciliamini
964 2494 1153 2578 principibus
1164 2494 1284 2571 vestris,
1295 2492 1425 2558 Petrum
1438 2494 1548 2575 loquor

374 2578 563 2657 etPaulum,
586 2599 664 2662 qnos
678 2579 788 2662 ntique
808 2580 842 2644 in
864 2580 976 2645 vicano
998 2582 1030 2645 et
1052 2598 1228 2646 successore
1250 2599 1306 2646 suo
1321 2579 1461 2661 Eugenio
1484 2579 1548 2644 suis

373 2663 498 2729 sedibus
520 2668 553 2730 et
573 2665 702 2730 aedibus
724 2665 892 2748 effugastis
920 2665 1181 2742 Reconciliamini,
1202 2666 1340 2748 inquam,
1361 2665 1443 2731 orbis
1464 2665 1549 2748 prin·

370 2749 505 2833 cipibus,
527 2769 567 2815 ne
588 2750 667 2816 torte
688 2751 817 2834 incipiet
836 2771 893 2836 pro
916 2751 961 2817 eis
975 2769 1122 2900 pugnare
1144 2751 1226 2816 orbis
1249 2755 1351 2816 terrae
1373 2753 1481 2815 eontra
1501 2751 1549 2814 in·

372 2838 522 2934 sensatos
561 2839 610 2934 nn
632 2836 766 2934 nescitis,
788 2837 864 2919 qnia
884 2837 934 2901 bis
956 2856 974 2902 o
997 2837 1080 2903 ansis
1101 2837 1180 2901 nihil
1202 2836 1327 2901 omnino
1349 2836 1473 2935 palatis,
1499 2836 1548 2900 bis

372 2921 1550 3092 essanctisustentaturossontensi

231 3144 244 3170 ,
371 3090 508 3156 fortium
550 3091 759 3159 Reconciliare
781 3092 909 3177 proinde
931 3093 1006 3171 illis,
1033 3093 1128 3158 simul
1150 3096 1182 3158 et
1202 3092 1341 3158 millibus
1364 3095 1548 3176 martyrum,

372 3176 426 3259 qui
441 3177 569 3259 quidem
583 3177 665 3262 apud
687 3184 728 3256 ts,
749 3177 805 3244 sed
826 3180 935 3244 oontm
956 3181 988 3244 te
1010 3182 1085 3244 sunt
1098 3181 1225 3262 propter
1238 3179 1355 3260 grande
1377 3181 1548 3262 peccatum,

373 3263 456 3344 qnod
470 3263 613 3347 peccasti,
627 3263 660 3327 in
675 3282 737 3345 qno
751 3267 784 3328 et
797 3264 946 3348 persistis.
961 3264 1171 3329 Reconciliare
1183 3265 1278 3328 ctiam
1293 3265 1378 3329 omni
1391 3264 1548 3328 Ecclesiae

373 3352 565 3426 sanctornm,
598 3349 652 3431 qui
673 3348 788 3432 ubique
820 3353 977 3415 terrarum
1006 3350 1112 3415 audito
1141 3351 1200 3414 hoc
1227 3350 1321 3415 verbo
1350 3349 1548 3416 scandalizati

372 3436 454 3498 sunt
497 3435 645 3517 Alioquin
672 3434 787 3519 pagina
812 3435 876 3501 ista
902 3439 1012 3500 contra
1040 3439 1073 3500 te
1093 3436 1126 3500 in
1148 3435 1363 3500 testimonium
1387 3435 1461 3509 erit;
1493 3435 1549 3500 sed

374 3522 407 3584 et
427 3520 486 3603 ipsi
500 3521 642 3604 Apostoli
664 3523 697 3585 et
710 3523 864 3604 martyres
886 3521 935 3585 tui
956 3522 1087 3586 stabunt
1106 3521 1138 3585 in
1161 3539 1277 3603 magna
1297 3521 1474 3585 constantia
1496 3521 1549 3585 ad·

372 3624 481 3670 versus
510 3624 571 3685 eos,
609 3605 664 3689 qui
696 3623 731 3670 se
765 3607 1026 3689 angustiaverunt
1062 3609 1094 3670 et
1122 3607 1175 3688 qui
1202 3607 1400 3672 abstulerunt
1426 3607 1549 3671 labores

373 3709 490 3756 sorum
513 3691 575 3758 Sed
596 3692 661 3757 iam
681 3689 777 3758 finem
794 3691 943 3775 loquendi
965 3710 1073 3756 omnes
1091 3691 1207 3776 pariter
1226 3691 1399 3756 audiamus
1419 3695 1549 3757 Annun-
1623 3737 1628 3746 ·

371 3776 446 3842 tiavi
469 3777 636 3856 iustitiam,
658 3778 875 3863 praenuntiavi
896 3777 1078 3860 periculum,
1100 3777 1264 3843 veritatem
1277 3797 1341 3842 non
1363 3777 1455 3855 tacui,
1477 3778 1550 3841 hor-

371 3865 458 3928 tatus
473 3881 545 3928 sum
559 3863 599 3928 ad
613 3864 759 3938 meliora;
782 3865 934 3949 superest,
948 3865 985 3928 ut
1000 3866 1056 3929 aut
1069 3863 1108 3927 de
1123 3866 1227 3928 vestm
1247 3863 1339 3928 otius
1360 3863 1549 3928 correctione

370 3947 524 4014 laetemur
556 3952 627 4027 aut,
654 3949 693 4015 de
726 3949 810 4015 insta
842 3949 1018 4015 imminenti
1053 3949 1252 4014 damnatione
1284 3948 1376 4027 certi,
1406 3949 1549 4014 inconso-

371 4033 506 4099 labiliter
525 4035 705 4117 lugeamus,
735 4038 911 4101 arescentes
941 4039 974 4100 st
995 4035 1190 4100 tabescentes
1213 4053 1287 4120 prae
1307 4035 1420 4100 timore
1444 4040 1476 4100 et
1498 4053 1549 4099 ex·

371 4120 571 4203 spectatione,
594 4140 674 4204 quae
696 4122 916 4205 supervenient
936 4121 1100 4186 universae
1121 4120 1199 4186 urbi.

456 4333 481 4400 *)
498 4331 604 4387 bezicht
620 4333 677 4386 sich
695 4334 743 4388 aui
759 4331 807 4388 das
825 4332 946 4387 Sohism
963 4349 1021 4388 vom
1038 4332 1064 4387 J.
1086 4335 1162 4387 1130.
1200 4331 1288 4400 (Naoh
1305 4331 1471 4398 Bernhardi,
1501 4331 1547 4386 der

370 4401 439 4456 clero
534 4406 576 4456 rrt
593 4403 702 4471 druch,
726 4405 827 4461 mttsste
849 4403 908 4457 bier
931 4405 989 4458 eine
1006 4402 1168 4472 Andautung
1185 4403 1233 4456 aui
1247 4403 1349 4457 Arnold
1368 4419 1417 4457 von
1436 4403 1545 4457 Brescia

371 4472 429 4526 sicli
485 4472 544 4542 den,
563 4490 639 4528 wenn
657 4474 743 4528 dieser
760 4473 837 4528 Brisl
850 4477 942 4545 opiter
959 4474 1000 4530 als
1019 4478 1088 4529 1145
1105 4473 1276 4543 gesobrieben
1294 4478 1380 4540 vlits.)
