3617 5284
365 512 407 576 70

364 682 445 746 sales
473 681 638 747 honoratos
667 684 891 756 convenerunt,
920 684 952 744 et
981 681 1097 762 absque
1127 680 1221 744 ullius
1250 697 1355 744 morae
1381 678 1541 744 interiecto

364 767 466 851 spacio
496 769 605 833 eodem
626 767 675 833 die
697 787 770 831 cum
790 767 911 850 ingenti
933 766 1080 831 divinitus
1103 766 1176 830 data
1198 764 1358 830 concordia
1378 764 1438 848 ipsi
1459 765 1543 847 prin-

364 853 447 937 cipes
475 855 508 918 et
536 854 649 917 caeteri
678 872 820 936 proceres
849 872 921 918 cum
951 853 1047 917 totius
1076 852 1182 936 populi
1203 851 1306 916 favore
1329 853 1361 915 et
1383 851 1541 915 alacritate

362 959 419 1004 nos
440 939 474 1003 in
495 940 582 1022 regni
603 939 765 1021 fastigium
788 940 956 1022 elegerunt
1001 937 1117 1017 Quinta
1138 937 1337 1022 postmodum
1360 937 1417 1013 die,
1438 937 1469 1000 id
1493 941 1541 1002 est

364 1028 523 1090 transacta
543 1025 680 1109 proxime
703 1025 857 1090 mediante
880 1024 1159 1107 quadragesima*)
1187 1023 1309 1107 pariet
1337 1023 1445 1087 eodem
1470 1042 1541 1088 con·

364 1130 459 1177 sensu
473 1131 545 1175 cum
566 1111 708 1176 benivola
728 1111 834 1194 populi
856 1110 1075 1175 acclamatione
1097 1111 1129 1173 in
1151 1109 1261 1194 oppido
1276 1109 1464 1192 Aquisgrani
1485 1127 1541 1173 nos

364 1217 421 1281 per
448 1197 674 1262 sacratissimas
704 1196 805 1260 devoti
832 1196 887 1260 filii
916 1196 1011 1260 vestri
1033 1195 1187 1280 A(rnoldi)
1210 1195 1400 1260 Coloniensis
1428 1197 1541 1259 metro·

363 1283 493 1366 politani
520 1285 553 1347 et
574 1282 797 1348 venerabilium
825 1282 1038 1366 episcoporum
1066 1301 1179 1346 manus
1202 1282 1268 1346 oleo
1292 1280 1540 1345 sanctificationis

364 1369 509 1450 regaliter
537 1371 694 1433 unxerunt
721 1368 813 1432 etin
840 1368 915 1432 solio
943 1367 1031 1448 regni
1051 1386 1124 1432 oum
1146 1367 1356 1450 benedictione
1380 1366 1541 1450 sollempni

364 1455 601 1519 collocaverunt
643 1454 709 1518 Nos
739 1473 810 1519 vero
838 1454 871 1517 in
899 1452 1124 1537 multiplicibus
1146 1454 1248 1534 regiae
1271 1452 1430 1534 dignitatis
1453 1471 1542 1517 orna·

364 1540 494 1616 mentis,
523 1540 636 1622 quibus
663 1541 778 1624 partim
804 1559 859 1624 per
887 1539 1036 1603 laicorum
1061 1539 1238 1623 principum
1260 1539 1408 1620 obsequia
1428 1539 1542 1621 partim

364 1645 420 1710 per
449 1625 634 1691 reverendas
662 1625 844 1709 pontificum
872 1623 1102 1690 benedictiones
1131 1625 1234 1689 vestiti
1264 1644 1387 1702 sumus,
1420 1624 1540 1707 regium

365 1711 505 1775 animum
526 1711 693 1789 induimus,
716 1712 920 1775 tutamentis
942 1711 1056 1775 virtute
1078 1710 1282 1786 intendentes,
1305 1713 1342 1774 ut
1362 1710 1450 1774 iuxta
1470 1730 1544 1792 pro-

363 1797 504 1863 fessionis
538 1800 664 1862 uostrae
697 1797 878 1875 formulam,
914 1815 1009 1878 quam
1039 1795 1078 1860 ab
1106 1796 1282 1861 orthodoxis
1310 1795 1487 1878 presulibus
1508 1795 1540 1858 in

363 1883 430 1966 ipso
445 1883 533 1964 regni
554 1884 666 1947 throno
688 1884 721 1946 et
740 1882 886 1947 unctione
908 1900 996 1946 sacra
1018 1881 1209 1965 accepimus:
1233 1883 1380 1946 honorem
1402 1881 1487 1946 vobis
1510 1885 1542 1944 et

364 1967 575 2045 dilectionem,
603 1971 635 2033 et
664 1971 878 2032 sacrosanctae
899 1967 993 2032 matri
1014 1969 1119 2032 nostre
1141 1968 1301 2032 Romanae
1323 1967 1488 2032 aecclesiae
1510 1969 1542 2030 et

365 2054 509 2118 omnibus
544 2053 757 2118 ecclesiasticis
784 2052 924 2138 personis
953 2055 1130 2136 promptam
1161 2057 1193 2118 et
1222 2053 1359 2117 debitam
1386 2053 1543 2117 iusticiam

365 2159 402 2204 ac
423 2139 634 2204 defensionem
649 2140 856 2217 exhibeamus,
878 2139 979 2203 viduis
1002 2157 1038 2204 ac
1059 2139 1185 2222 pupillis
1209 2141 1241 2202 et
1262 2139 1405 2204 universo
1427 2140 1542 2222 populo

363 2225 453 2289 nobis
475 2226 639 2290 commisso
660 2226 762 2307 legem
785 2228 816 2289 et
836 2244 945 2310 pacem
968 2225 1116 2289 faciamus
1139 2229 1171 2300 et
1193 2225 1473 2306 conservemus.**)

450 2310 546 2376 Cum
582 2312 684 2375 enim
720 2311 794 2376 duo
831 2312 925 2386 sint,
970 2310 1116 2392 quibus
1160 2310 1446 2394 principaliter
1482 2310 1544 2374 hio

364 2396 529 2461 mundus
562 2397 731 2479 regitur,
771 2396 962 2461 videlicet
1004 2396 1228 2460 auctoritas
1266 2415 1380 2461 sacra
1411 2396 1546 2480 ponti·

364 2481 483 2547 ficum
510 2485 547 2546 et
575 2483 724 2565 regalis
752 2482 1024 2566 potestas,***)
1047 2482 1187 2546 omnium
1210 2482 1325 2556 Christi
1348 2482 1544 2547 sacerdotum

365 2568 574 2633 oboedientiae
597 2568 699 2633 devoti
713 2568 791 2633 colla
805 2568 988 2634 submittere
1001 2567 1101 2652 parati
1117 2587 1235 2642 sumus,
1256 2571 1294 2632 ut
1314 2567 1447 2651 propitia
1468 2567 1545 2632 divi-

363 2654 463 2718 nitate
486 2654 679 2736 temporibus
700 2655 800 2719 nostri
820 2654 1011 2737 principatus
1033 2655 1162 2718 verbum
1176 2653 1234 2719 Dei
1257 2653 1397 2736 expedite
1421 2672 1543 2718 currere

364 2759 426 2804 non
448 2740 649 2824 prohibeatur
671 2743 703 2803 et
724 2744 871 2823 paternas
889 2740 1014 2822 regulas
1036 2759 1072 2804 ac
1094 2739 1217 2804 decreta
1239 2740 1442 2805 sanctissimis
1463 2739 1543 2804 diffi-

362 2825 430 2889 nita
457 2826 591 2891 conciliis
620 2826 727 2889 nullus
757 2825 871 2890 audeat
893 2827 1011 2908 absque
1033 2845 1130 2910 penae
1153 2826 1301 2907 ςτιιιίοιίι
1323 2825 1458 2890 vindicta
1479 2825 1543 2890 vic-

361 2911 440 2986 lare;
471 2912 665 2993 quatinus
688 2931 757 2994 per
779 2911 904 2976 studii
926 2913 1058 2976 nostri
1079 2911 1318 2977 instantiam
1342 2911 1543 2976 catholica

363 2997 540 3062 ecclesia
561 3017 654 3062 suae
676 2997 893 3079 dignitatis
923 2997 1147 3081 privilegiis
1169 2997 1382 3062 decoretur
1405 3002 1442 3062 et
1463 2999 1543 3063 Ro-

362 3082 467 3146 mani
507 3083 665 3166 imperii
710 3083 909 3148 celsitudo
952 3085 990 3147 in
1027 3083 1246 3167 pristinum
1283 3103 1379 3149 suae
1417 3086 1542 3150 excel-

362 3168 516 3233 lentiae
537 3169 654 3233 robur
675 3169 755 3234 Deo
777 3169 992 3234 adiuvante
1014 3169 1268 3234 reformetur.

449 3255 491 3318 Et
517 3254 664 3336 quoniam
692 3255 892 3319 beatitudinis
919 3258 1040 3320 vestrae
1070 3255 1210 3319 animum
1238 3256 1276 3320 de
1305 3256 1390 3320 obitu
1413 3256 1540 3340 predicti

363 3340 552 3404 serenissimi
585 3341 731 3424 principis
765 3341 880 3406 scimus
914 3360 976 3405 non
1007 3341 1161 3406 immerito
1191 3344 1424 3425 perturbatum,
1456 3343 1541 3408 vobis

362 3427 525 3507 tamquam
557 3427 638 3510 patri
671 3427 832 3492 karissimo
865 3431 1042 3491 constanter
1073 3427 1297 3510 promittimus,
1332 3429 1429 3511 quod,
1463 3429 1543 3493 sicut

363 3511 463 3576 eidem
485 3512 615 3593 glorioso
639 3513 797 3594 quondam
817 3513 883 3594 regi
905 3513 937 3575 in
951 3513 1040 3594 regni
1055 3513 1129 3577 solio
1153 3514 1367 3591 successimus,
1388 3515 1433 3579 ita
1454 3516 1542 3579 here·

362 3597 506 3661 ditoriam
528 3598 720 3663 dilectionem
743 3603 809 3663 tum
832 3599 870 3662 ad
885 3601 1022 3663 vestram
1044 3617 1209 3681 personam
1232 3600 1355 3666 omnino
1378 3601 1540 3686 specialem

455 3751 481 3820 ¹l)
501 3757 525 3807 9.
544 3753 626 3808 Mara.
657 3754 696 3817 ”l
715 3745 786 3808 Uber
805 3754 854 3809 den
873 3753 1057 3824 langjfhrigen
1070 3753 1161 3822 Streit‚
1181 3756 1295 3810 walchen
1314 3756 1356 3810 die
1375 3756 1540 3811 Embisohble

362 3840 386 3877 v.
405 3823 493 3876 bisina
511 3841 536 3878 u.
555 3824 625 3879 Kbln
643 3841 732 3892 wcgen
751 3824 797 3878 des
814 3825 1059 3893 Krbnnngsrechtes
1078 3825 1199 3892 fiihrten‚
1219 3829 1271 3896 vgl.
1290 3827 1386 3895 Waltz,
1405 3827 1475 3883 Veri.
1495 3827 1539 3892 VI,

365 3897 411 3946 161
432 3893 460 3948 ff.
490 3895 574 3964 Pspst
591 3896 642 3949 Leo
660 3896 707 3950 IX.
726 3895 802 3950 hatto
820 3913 852 3950 au
872 3895 991 3950 Gunsten
1010 3896 1092 3949 Kdlns
1111 3896 1291 3951 entschieden:
1311 3898 1454 3967 Regiam
1472 3914 1542 3952 con-

362 3963 722 4048 secrationomninfra·
739 3967 873 4021 limites
896 3983 977 4021 suae
1002 3966 1174 4050 dioecesis
1191 3968 1383 4022 faciendam
1402 3968 1541 4038 potcstatis

363 4030 1541 4185 rr„nbsiccabatcottistis

362 4179 408 4240 ist,
427 4175 589 4244 vgl.Wa1tz,
608 4177 658 4230 Die
676 4178 796 4232 Formcln
815 4180 861 4233 der
880 4179 1024 4232 deutschen
1038 4179 1150 4243 Kbnigs·
1170 4195 1196 4234 u.
1215 4180 1261 4233 der
1279 4181 1424 4235 riimischsn
1436 4181 1539 4234 Kaiser·

364 4247 485 4314 lrrdnung
503 4264 561 4301 vom
578 4252 617 4303 10.
631 4248 673 4302 bis
692 4265 750 4302 num
765 4253 804 4304 12.
817 4249 911 4304 Jahrb.
941 4249 1043 4304 Ilbsnso
1055 4249 1125 4303 Veri.
1138 4249 1185 4316 VI,
1206 4255 1255 4305 163
1269 4251 1294 4305 ff.
1324 4251 1380 4320 m)
1393 4251 1445 4306 biit
1457 4252 1541 4305 dieser

363 4317 527 4386 Auffassung
540 4337 563 4372 v.
576 4319 729 4373 Kaiscrturu
748 4338 772 4374 u.
785 4321 925 4391 Popsttum
939 4321 991 4390 vgl.
1012 4321 1059 4375 das
1071 4320 1212 4374 Schreiben
1225 4321 1365 4376 Heinriohs
1377 4322 1423 4376 IV.
1436 4321 1496 4388 (Bd.
1515 4326 1540 4386 3,

363 4404 403 4511 gr.
414 4388 557 4514 Xoemeiner
574 4389 751 4459 Sammlungl,
771 4391 817 4444 der
834 4391 970 4444 Friedrich
989 4409 1014 4446 ιι.
1034 4391 1118 4444 seiner
1130 4392 1239 4446 Kanzlei
1252 4391 1362 4447 rielfaoh
1382 4393 1421 4447 als
1431 4393 1541 4447 Vorbild

383 4475 424 4512 reu
453 4502 459 4514 .
