3617 5284
1391 561 1453 622 155

270 725 1041 878 caitilulul'ilsstltilliiiilii
1056 727 1454 868 ltfflil⁰lil13li⁸lltlt

272 868 329 936 [um
346 867 390 920 dre
407 867 487 921 Mitte
511 866 557 921 des
575 867 648 921 biars
669 868 775 936 1161]):
812 867 882 933 Quia
899 869 969 922 euim
992 868 1021 922 iu
1039 867 1174 922 electionis
1199 872 1227 922 et
1250 870 1454 924 consecrationis

271 937 374 992 ratione
385 953 448 1008 pars
459 937 598 992 Octaviani
616 955 645 991 se
657 938 725 991 vidit
735 942 764 992 et
778 939 887 1006 agnovit
897 939 1055 1006 insederam,
1068 939 1225 1009 quibusdam
1239 939 1454 995 adinventionum

271 1008 400 1062 cuniculis
417 1011 520 1078 partem
538 1008 681 1062 Alexandri
699 1009 785 1079 eoepit
802 1008 943 1076 infamare,
963 1027 1015 1064 non
1033 1013 1090 1064 mm
1107 1009 1228 1064 electioni
1251 1010 1307 1064 eius
1326 1011 1454 1080 derogans

272 1079 313 1133 vel
322 1079 543 1133 enumerationem
551 1079 701 1161 profanans,
714 1095 781 1148 qnae
790 1079 845 1133 suis
854 1079 1001 1134 rationibus
1010 1080 1154 1134 secuudum
1166 1097 1278 1135 canones
1288 1082 1454 1149 constabant,

271 1150 318 1203 sod
368 1166 460 1204 rsouas
482 1149 558 1204 electi
584 1153 612 1203 et
629 1150 784 1218 eligentium
809 1151 879 1220 apud
905 1151 1045 1218 augustale
1066 1151 1205 1233 imperium
1229 1168 1287 1206 reos
1306 1151 1454 1206 maiestatis

271 1237 303 1274 su
323 1220 329 1231 '
352 1236 415 1286 aus,
432 1223 563 1291 quatenus
580 1223 609 1274 et
626 1219 677 1274 sibi
702 1221 805 1291 imperii
828 1221 995 1276 clementiam
1019 1221 1172 1276 conciliaret
1196 1224 1224 1275 et
1242 1221 1366 1276 adversae
1383 1223 1455 1292 parti

271 1290 439 1345 maiestatem
456 1291 582 1345 offensam
598 1291 729 1346 redderet
757 1291 834 1345 Unde
852 1295 880 1345 et
892 1292 977 1362 primo
996 1291 1145 1358 mussitare,
1165 1292 1259 1346 deinde
1277 1309 1337 1347 vero
1356 1294 1455 1363 apertis

272 1360 378 1416 vocibus
391 1361 505 1416 clamare
516 1364 657 1432 eoeperuut
675 1378 707 1415 ae
718 1361 812 1428 dicere,
830 1379 968 1416 numerum
986 1363 1019 1417 de
1036 1366 1113 1434 parte
1126 1363 1267 1416 Alexandri
1280 1363 1454 1418 cardinalium

271 1432 446 1556 (siperuendum
472 1449 529 1486 csse
557 1435 663 1503 propter
680 1432 881 1515 conspirationis
899 1437 998 1500 uotam,
1027 1450 1080 1504 qua
1096 1450 1124 1486 se
1143 1433 1273 1487 notabiles
1300 1433 1352 1504 ipsi
1369 1434 1456 1488 reddi-

289 1502 367 1558 eriut
403 1503 583 1572 Duplieem
607 1505 696 1556 autem
722 1521 760 1557 ers
788 1504 1081 1573 conspirationem
1108 1504 1148 1558 vel
1175 1504 1379 1558 coniunctionem
1409 1505 1454 1558 ob·

271 1573 383 1627 iiciuut:
403 1590 492 1640 uuam,
511 1590 564 1643 qua
580 1578 673 1628 eontra
690 1574 830 1643 augustale
847 1575 985 1644 imperium
997 1573 1123 1629 briderici
1142 1574 1308 1644 imperatoris
1326 1578 1454 1629 etcoutre

272 1644 471 1698 laudamentum
495 1644 524 1698 iu
552 1645 629 1698 sorbo
658 1644 764 1698 Domini
781 1644 890 1710 tactim,
917 1645 1004 1698 adbuc
1030 1646 1133 1698 vivente
1151 1661 1221 1715 papa
1238 1644 1370 1713 Adriane,
1396 1663 1455 1700 euru

273 1715 361 1768 Siculo
379 1715 545 1769 willehelmo
564 1718 593 1768 et
603 1714 844 1769 Mediolanensibus
862 1715 975 1786 aliisque
993 1715 1108 1770 inimicis
1125 1715 1228 1786 imperii
1246 1715 1373 1770 foederati
1386 1716 1456 1783 siut;

272 1785 423 1850 secundam,
447 1801 508 1856 qua,
536 1788 568 1839 ut
585 1785 691 1839 eudem
709 1788 802 1839 centa
819 1786 959 1856 imperium
978 1789 1117 1869 conceptas
1142 1785 1296 1842 iuimicitias
1324 1786 1359 1840 ad
1377 1787 1455 1841 finem

272 1872 355 1980 grumum
374 1855 762 1980 dgtimhuddffluoemiii
778 1857 848 1910 iuter
865 1873 894 1938 se
912 1860 1070 1980 mmameup
1088 1856 1251 1980 ffltndine
1278 1858 1455 1982 ⁰⁰3¹V⁰J¹⁰ff¹¹t³

352 1941 385 1980 eu
449 1942 501 1996 apa
561 1943 636 1980 nano
655 1942 708 1980 uon
764 1943 808 1981 um
827 1944 855 1980 se
878 1944 906 1980 1u
943 1944 959 1980 a
1038 1943 1092 1982 sec
1167 1969 1173 1994 ‚
1201 1943 1253 1980 msr
1289 1944 1318 1981 ιιι
1337 1945 1394 1982 erus
1413 1945 1454 1982 em

271 1943 460 2051 coniurationis
480 2013 585 2050 musore
603 1996 744 2052 extitisset
779 1997 895 2051 Verbum
915 1944 1020 2052 edition?
1021 1997 1223 2066 conspirationis
1243 1944 1355 2068 peieuuia
1373 1998 1456 2052 Siculi

272 2070 301 2121 et
334 2067 570 2121 Mediolanensium
604 2069 752 2137 coemptum
786 2068 837 2122 hoc
870 2084 927 2121 esse
962 2067 1073 2122 dicunt:
1108 2071 1238 2137 quatenus
1271 2068 1454 2139 imperatorem

272 2137 433 2192 iudaicam
451 2138 706 2192 excommunicarent
729 2140 758 2191 et
776 2139 875 2209 absque
892 2139 1000 2192 consilio
1018 2138 1178 2192 willehelmi
1206 2137 1288 2192 Siculi
1312 2142 1340 2192 et
1357 2139 1456 2194 Medie-

275 2209 419 2281 {anensium
446 2225 581 2279 uunquam
608 2208 780 2263 absolverent
816 2208 855 2264 At
881 2225 941 2262 eum
968 2210 1061 2263 dicunt
1087 2209 1125 2263 eis
1150 2209 1186 2275 bi,
1214 2209 1260 2280 qui
1286 2209 1402 2263 neudum
1426 2210 1455 2264 iu

273 2279 342 2334 hauc
366 2279 407 2334 vel
431 2279 506 2332 illam
564 2281 632 2332 rtem
651 2282 825 2347 secesserunt,
850 2283 981 2349 quatenns
998 2281 1117 2350 probent,
1145 2296 1212 2349 quaa
1231 2279 1332 2344 dicunt,
1351 2297 1456 2350 respou-

273 2351 380 2405 dentes:
409 2296 563 2417 ,Quomodiie
579 2349 715 2419 inquiunt,
733 2352 826 2404 eontra
843 2366 887 2404 eos
904 2351 1015 2420 probare
1033 2350 1099 2420 quid
1116 2365 1268 2420 mosomus,
1289 2351 1334 2420 qui
1353 2367 1454 2405 omnem
1482 2383 1485 2390 ·

272 2421 397 2474 eeclesiae
414 2419 576 2475 audientiam
601 2419 799 2488 subterfugiunt
825 2420 866 2474 vel
884 2437 915 2474 ex
953 2420 1013 2474 'tati
1031 2421 1117 2475 malae
1143 2421 1251 2482 stimulo
1280 2421 1455 2475 eonscientiae

273 2492 313 2546 vel
331 2492 403 2545 iustu
422 2491 484 2544 dees
501 2491 524 2545 ti
543 2490 702 2560 superbiae?
715 2532 721 2545 .
735 2531 763 2545 ..
790 2490 874 2545 Simul
892 2437 1043 2546 etqiitteras
1061 2492 1189 2566 quasdam
1215 2490 1317 2561 pridem
1336 2508 1352 2544 a
1369 2509 1456 2562 papa

272 2562 427 2616 Adriano
449 2509 524 2629 (Vidi.
539 2561 582 2614 die
594 2564 676 2615 unteu
693 2561 797 2615 citierte
809 2561 891 2616 Stella
909 2561 1087 2631 beingeniu
1101 2562 1147 2629 IV,
1166 2579 1188 2616 c.
1200 2559 1269 2631 ill),
1289 2561 1355 2616 alias
1373 2563 1454 2616 etiem

319 2633 439 2687 tncdum
457 2633 490 2686 ab
509 2631 658 2686 Alexandro
677 2632 713 2686 ad
729 2632 850 2686 inimices
867 2632 971 2702 imperii
996 2632 1072 2703 quasi
1091 2632 1205 2686 directas
1227 2630 1257 2686 iu
1274 2632 1454 2687 testimouium

283 2708 359 2757 acteo
393 2707 485 2757 coutm
519 2703 659 2773 imperium
694 2703 895 2773 conspirationis
931 2704 1074 2774 proferunt
1128 2701 1226 2756 Factae
1263 2705 1351 2757 autern
1387 2704 1455 2758 eins

273 2775 343 2828 modi
361 2773 562 2844 conspirationis
580 2774 661 2828 otiam
688 2790 718 2827 se
734 2773 805 2844 ipses
823 2776 906 2828 testes
928 2774 1065 2844 proferunt
1082 2773 1134 2827 duo
1164 2773 1205 2828 illi
1224 2773 1380 2840 cardinales,
1408 2775 1455 2845 qui

272 2844 433 2899 Octaviame
456 2844 542 2927 partis
569 2847 640 2910 suant,
665 2846 757 2915 utpote
783 2845 843 2915 qui,
869 2845 940 2898 sicut
964 2843 1016 2914 ipsi
1040 2845 1173 2911 latentur,
1200 2843 1356 2899 eiusdem
1384 2861 1457 2898 ecu-

272 2916 483 2982 spirationrs
510 2915 596 2968 sccii
624 2914 762 2969 extiterint
785 2919 813 2969 et
865 2915 973 2985 rticipes
991 2915 1064 2969 illius
1081 2915 1149 2969 male
1167 2913 1249 2969 datae
1276 2917 1304 2968 et
1331 2918 1454 2986 acceptae

273 2986 412 3056 pecuniae;
448 2986 633 3056 impunitatem
660 2985 712 3044 sibi
740 3001 818 3056 super
857 3003 888 3038 oc
914 2986 971 3056 ipso
999 2985 1069 3056 apud
1095 2985 1233 3067 imperium
1260 2985 1456 3055 promittentes,

263 3055 1455 3197 <suillusuuuufflsuuffluluuiuuuuaualu

273 3201 366 3251 mutm
376 3198 459 3252 socios
477 3197 616 3253 criminum
634 3197 820 3252 admittuntur.
917 3214 968 3252 uon
981 3198 1019 3252 sic
1037 3196 1230 3252 ecclesiasticae
1248 3197 1321 3266 leges
1340 3201 1455 3266 censent,

290 3285 341 3322 uae
360 3268 431 3338 apud
447 3269 545 3322 clerum
563 3267 691 3339 potiorem
707 3268 794 3322 lecum
816 3269 945 3334 obtinent,
972 3270 1064 3339 utpote
1089 3283 1157 3339 quae
1176 3267 1273 3322 nemini
1301 3269 1333 3322 ds
1352 3285 1380 3322 se
1397 3285 1457 3323 eou-

272 3287 342 3394 issse
359 3357 437 3410 super
455 3339 541 3393 alieno
558 3339 667 3393 erimine
684 3339 842 3393 croclendum
859 3356 917 3393 esse
934 3339 1062 3394 iudicant.
1099 3338 1137 3393 At
1160 3338 1201 3392 illi
1227 3340 1408 3394 contenebrati
1428 3342 1457 3394 st

272 3411 344 3480 leges
363 3411 555 3464 ecclesiasticas
573 3409 682 3464 mineris
704 3409 841 3477 babentes,
859 3411 887 3464 iu
906 3427 954 3464 suc
973 3410 1105 3464 destinato
1123 3412 1279 3480 permanent
1307 3427 1338 3463 ac
1356 3411 1456 3478 dicunt,

273 3483 354 3536 etiam
372 3498 425 3535 nou
442 3480 524 3534 inisse
540 3481 651 3536 liberam
669 3497 717 3534 uec
735 3497 827 3550 puram
846 3481 873 3534 iu
892 3481 1070 3536 Alexandrum
1089 3481 1186 3534 luctam
1204 3480 1364 3548 electionem,
1390 3498 1457 3552 quae

273 3553 429 3606 interselos
456 3551 632 3606 duodecim
657 3550 875 3619 cardinales,
902 3551 1154 3606 coniurationis
1180 3551 1302 3618 socies,
1329 3568 1382 3606 nou
1400 3552 1457 3606 siue

273 3623 352 3693 pretii
369 3623 519 3677 interventu
537 3625 674 3676 coarctata
690 3622 735 3688 sit,
753 3621 858 3676 etiamsi
876 3623 948 3693 prior
964 3621 1104 3678 extitisset
1125 3653 1157 3663 -
1176 3621 1279 3676 Ibidem
1297 3639 1319 3677 e.
1339 3625 1373 3677 62
1401 3623 1456 3692 (go

273 3693 408 3748 sobriebeu
427 3694 495 3748 uach
514 3693 560 3748 der
576 3693 719 3747 Torrlouser
736 3691 869 3761 Synodei:
894 3694 983 3764 Atque
1001 3693 1103 3747 utinam
1120 3731 1126 3744 .
1142 3735 1148 3748 .
1165 3733 1172 3747 .
1191 3691 1218 3746 iu
1237 3693 1328 3747 eedem
1346 3693 1456 3748 coneilio

273 3764 388 3833 (Synode
415 3781 465 3819 von
491 3763 647 3831 Toulousel)
683 3763 864 3834 quaestionem
890 3763 924 3818 de
950 3763 1157 3834 conspiratione,
1186 3780 1253 3833 quae
1279 3763 1400 3818 electioni
1428 3764 1456 3818 iu

274 3834 452 3889 Alexandrum
476 3836 562 3889 iactae
587 3835 621 3889 ab
639 3834 797 3889 selverseriis
816 3834 985 3906 appingitur,
1009 3834 1132 3888 canonice
1149 3835 1277 3888 succisam
1296 3833 1457 3898 audiremus,

273 3905 359 3959 etsie
376 3908 446 3959 esset
463 3905 552 3960 soluta
568 3906 653 3959 omnis
673 3905 805 3959 dubitatio
823 3905 894 3960 iuter
911 3905 977 3959 dues
995 3905 1072 3959 illos!
1087 3947 1093 3959 .
1109 3947 1135 3960 ..
1155 3903 1317 3974 Oportuerat
1333 3919 1455 3986 namque,

274 3978 306 4029 nt
323 3976 525 4046 conspirationis
550 3977 623 4030 illius
647 3978 741 4029 centra
758 3976 910 4046 imperium,
930 3979 961 4030 ut
979 3975 1091 4042 dicitur,
1110 3991 1157 4046 per
1174 3975 1312 4044 pecuniam
1329 3974 1411 4028 Siculi
1429 3978 1457 4029 et

274 4045 509 4100 Mediolanensium
527 4047 614 4100 iactae
631 4049 695 4100 uota
712 4046 919 4114 immanissima,
938 4047 1008 4101 sicam
1024 4047 1052 4100 iu
1071 4045 1123 4100 alio
1141 4044 1250 4099 ceucssio
1276 4044 1390 4114 (Synode
1409 4063 1456 4100 von

274 4116 383 4183 Pavial)
410 4117 526 4170 clamata
544 4135 576 4171 ac
593 4117 734 4171 diffamata
750 4117 844 4184 iuerat,
863 4117 903 4171 ita
920 4117 949 4171 in
967 4118 1019 4172 isto
1037 4117 1212 4187 subsequente
1229 4115 1326 4170 luisset
1343 4117 1456 4186 expiata,

275 4205 316 4253 ue,
335 4204 394 4241 cnm
411 4191 498 4242 estere
516 4189 590 4242 salva
607 4188 755 4255 adeantur,
773 4188 824 4242 boe
841 4188 926 4242 solum
944 4188 1066 4242 relietum
1083 4190 1154 4242 esset
1166 4185 1328 4254 scandalum,
1346 4203 1394 4257 pro
1406 4205 1457 4259 quo

275 4275 326 4312 uon
344 4258 430 4312 solnm
448 4258 538 4328 pusilli
561 4259 601 4312 vel
618 4258 708 4329 pauci,
727 4259 773 4312 sed
791 4261 820 4312 et
835 4259 926 4328 magui
951 4275 983 4313 ae
999 4275 1155 4326 magnorum
1179 4261 1207 4311 et
1224 4256 1379 4327 pusillorum
1404 4274 1457 4311 uon

274 4330 465 4384 mutemneuda
488 4329 632 4384 multitudo
657 4330 691 4382 ab
709 4329 845 4384 electionis
869 4330 897 4383 iu
915 4328 1095 4384 Alexandrum
1119 4329 1206 4382 iactae
1228 4330 1308 4397 atque
1326 4328 1360 4382 ab
1378 4327 1457 4381 buius

274 4399 377 4454 concilii
394 4399 591 4454 confirmatione
607 4399 777 4454 resiliendum
794 4400 835 4454 rel
851 4399 1024 4454 differendum
1042 4399 1204 4465 existimant,
1222 4401 1407 4468 exspectantes
1426 4415 1458 4451 ac

275 4470 455 4525 desiderantes
472 4471 560 4525 adbuc
575 4471 725 4540 generalius
742 4470 881 4524 concilium
898 4487 930 4525 ex
947 4470 1065 4525 unanimi
1084 4485 1210 4524 consenso
1229 4471 1257 4522 et
1272 4468 1457 4523 convocatione
