3617 5284
366 527 433 592 216

364 696 551 765 burgensis
569 696 765 767 episcopus,
794 695 852 765 qui
870 694 1008 749 dicitur
1025 695 1060 749 iu
1078 696 1280 766 episcopatu
1299 711 1359 748 suo
1377 695 1545 749 neminem

365 768 492 821 habere
521 769 726 832 consortem,
745 767 817 836 ipse
835 782 903 818 cum
923 768 1042 820 teneat
1066 783 1179 820 omnes
1197 765 1234 834 (i)
1254 765 1441 819 comitatus
1466 782 1545 820 sune

278 860 280 863 ’
366 837 582 962 parrochiae,
610 836 770 890 ducatum
797 836 900 890 etism
929 835 1126 906 provintiae
1154 837 1324 906 gubernet
1351 837 1543 906 episcopus.

388 907 447 961 nius
475 907 640 961 acnulatione
665 910 799 978 permotus
816 908 905 960 noster
924 907 1028 976 praesul
1047 906 1145 960 statuit
1162 923 1251 960 omnes
1269 906 1425 972 comitatus,
1454 906 1498 976 qui
1517 906 1544 959 in

365 994 414 1032 sua
432 977 535 1046 dyocesi
554 978 669 1048 aliquam
688 977 895 1031 iurisdictionem
914 977 1012 1030 habere
1024 977 1189 1045 videbantur,
1209 979 1235 1031 in
1248 980 1406 1047 potestatem
1420 976 1544 1030 ecclesiae

365 1049 504 1117 redigere]

451 1136 485 1202 Ο.
527 1137 565 1201 In
592 1138 718 1201 nomine
747 1140 873 1202 saneim
901 1138 934 1200 et
960 1135 1136 1200 individuae
1160 1135 1317 1200 trinitatis.
1361 1136 1542 1200 Prodericns

365 1223 471 1287 duna
484 1222 608 1287 favente
623 1223 789 1287 clementia
799 1222 1013 1286 Romanorum
1025 1223 1194 1305 imperator
1205 1223 1238 1286 et
1248 1239 1371 1304 semper
1382 1225 1545 1304 angrrstus.

365 1308 563 1391 Imperialem
593 1308 810 1372 celsitudinem
840 1307 930 1372 decet
954 1307 1208 1390 predecessorum
1235 1325 1363 1372 suorum
1391 1307 1443 1390 pia
1464 1307 1546 1372 iacta

365 1413 429 1458 non
458 1395 560 1458 solnm
589 1394 807 1458 inviolabiliter
835 1411 1029 1470 conservare,
1067 1393 1121 1457 sed
1159 1394 1254 1456 etiam
1289 1411 1437 1458 censurae
1471 1412 1545 1457 succ

366 1480 551 1544 anctoritate
574 1479 715 1556 alacriter
737 1484 769 1542 et
791 1479 1003 1562 sollempniter
1025 1480 1206 1544 confirmata
1223 1479 1374 1561 perhenni
1389 1497 1544 1543 commen-

367 1565 441 1629 dare
469 1565 651 1640 memoriae,
679 1583 733 1640 ne,
764 1564 847 1646 qnod
870 1583 889 1629 a
911 1563 988 1628 diris
1009 1564 1248 1648 imperatoribus
1278 1565 1316 1628 sd
1339 1565 1465 1629 laudem
1488 1565 1545 1629 Dei

366 1650 605 1715 necessitatibus
634 1650 866 1715 eecclesiarium
888 1653 921 1713 et
942 1650 1036 1714 saluti
1057 1650 1285 1733 provinciarum
1309 1651 1477 1715 clementer
1499 1651 1546 1714 irr-

366 1736 491 1801 dultnm
513 1738 546 1801 et
565 1735 820 1817 irrefragabiliter
842 1734 1022 1799 institutum
1046 1739 1108 1810 est,
1138 1736 1270 1801 decursu
1300 1739 1475 1819 temporum
1497 1736 1546 1800 vol

368 1822 508 1904 qualibet
535 1839 641 1885 rerum
670 1821 819 1885 varietate
847 1821 980 1904 posteris
1003 1821 1061 1885 hoc
1081 1822 1138 1885 fiat
1159 1820 1290 1885 dubium
1311 1822 1360 1886 vel
1381 1822 1543 1886 incertum.

365 1907 403 1970 In
431 1907 572 1971 oramine
600 1925 737 1988 namque
765 1910 878 1971 cuncta
904 1906 964 1969 Dei
992 1907 1211 1990 conspicientia
1240 1908 1369 1989 aequale
1397 1907 1545 1972 meritum

366 1992 522 2058 credimus
545 1992 649 2057 dantis
671 1995 704 2056 et
725 1992 800 2056 data
821 1991 1055 2057 corroborantis.
1098 1991 1191 2058 Unde
1220 2012 1277 2057 nos
1304 1993 1363 2076 piis
1394 1993 1471 2057 votis
1494 1993 1547 2058 de·

366 2079 518 2143 lectamnr
553 2078 719 2143 vetustatis
753 2078 880 2142 invento
918 2081 951 2141 et
989 2077 1078 2158 sequi
1106 2079 1213 2142 vetera
1240 2079 1387 2142 instituta
1415 2077 1547 2143 libenter

367 2165 593 2247 amplectimur,
617 2163 691 2246 quia
712 2165 799 2228 locus
821 2162 1072 2246 subreptionibus
1094 2183 1157 2228 non
1177 2163 1372 2246 relinquitur,
1403 2164 1546 2246 quotiens

366 2249 591 2314 rationabiliter
613 2248 784 2314 constitute
805 2253 976 2313 servantur.

452 2351 582 2418 Noverit
609 2352 717 2434 itoqne
739 2351 799 2416 Dei
830 2354 862 2416 et
889 2351 1012 2435 imperii
1041 2351 1138 2416 nostri
1168 2351 1308 2416 fidelium
1331 2357 1397 2416 tam
1419 2370 1546 2435 presens

367 2441 434 2502 etas
464 2457 560 2520 quam
581 2457 764 2502 successura
782 2437 957 2520 posteritas
980 2437 1113 2519 qualiter
1127 2437 1160 2500 in
1176 2439 1312 2520 generali
1328 2438 1415 2501 curia
1428 2437 1546 2502 Wirze-

367 2524 448 2605 burg
469 2523 634 2600 celebrata,
662 2524 716 2587 obi
738 2523 820 2587 inter
841 2521 997 2587 discordes
1019 2523 1173 2606 principes
1196 2523 1360 2602 Senoniae,
1391 2523 1457 2588 Deo
1479 2543 1548 2588 coo-

367 2611 512 2693 perante,
541 2610 666 2692 plenam
688 2608 969 2674 reconciliationem
992 2607 1192 2692 perfecimus,
1221 2608 1386 2687 Heroldus,
1407 2609 1546 2674 eiusdem

367 2695 502 2760 civitatis
530 2694 711 2759 venerabilis
741 2694 918 2779 episcopus,
947 2713 1019 2759 cum
1042 2694 1127 2758 omni
1149 2694 1316 2774 aecclesiae
1339 2700 1493 2761 conventu
1515 2698 1547 2760 et

368 2827 576 2835 ——-—.———-—

368 2881 474 2944 Gauen,
499 2880 669 2935 Wnldsessen
697 2882 751 2936 ond
768 2879 896 2951 Rangso,
926 2883 1073 2948 erwarbcn,
1103 2881 1138 2934 da
1162 2880 1284 2935 dherdies
1302 2881 1366 2936 viole
1385 2883 1448 2937 heic
1466 2883 1547 2937 iniria

367 2953 438 3006 ihren
456 2952 575 3005 Bistums
598 2951 655 3004 sich
680 2953 727 3007 der
743 2952 841 3006 Kirche
867 2952 913 3007 des
931 2953 968 3008 hi.
987 2953 1077 3006 Kilian
1107 2951 1335 3019 commendierteu,
1362 2952 1462 3007 bildete
1490 2953 1546 3007 sich

367 3023 520 3077 allmthlich
548 3022 590 3076 dis
607 3023 787 3090 Ansehannng
812 3023 917 3089 horsus,
945 3022 985 3077 ais
1012 3025 1045 3078 ob
1070 3023 1117 3077 der
1135 3021 1247 3076 Bischoi
1271 3039 1319 3077 von
1338 3023 1486 3092 Wllrzbnrg
1505 3024 1548 3078 die

367 3093 581 3161 Hemogsgewalt
600 3093 627 3146 iu
645 3093 743 3148 seinem
761 3093 887 3163 Sprengel
907 3094 956 3147 iibe
976 3095 1007 3164 (s.
1021 3094 1107 3148 Adam
1116 3094 1143 3162 t).
1179 3093 1220 3147 Im
1232 3093 1314 3147 Jahre
1326 3098 1405 3160 1168,
1425 3096 1472 3148 aui
1488 3095 1546 3148 dem

366 3163 526 3232 Roichstege
544 3181 576 3216 zu
587 3162 743 3233 Whrrburg,
762 3164 891 3218 crreichte
910 3164 957 3218 der
969 3164 1079 3218 Bischoi
1088 3163 1188 3218 Herold
1201 3180 1258 3217 vom
1270 3163 1365 3218 Kaisor
1378 3163 1513 3220 Friedrich
1524 3165 1545 3220 Ι.

367 3235 414 3288 aui
430 3233 522 3289 Gruud
550 3233 712 3302 virrgdegtor
737 3234 902 3304 geftlsohter
925 3235 959 3288 Di
978 3235 1054 3300 tome,
1082 3234 1124 3288 die
1152 3235 1179 3288 iu
1207 3235 1292 3288 seiher
1318 3237 1368 3304 gut
1402 3235 1546 3289 roschulteu

366 3303 551 3358 bischiillichen
571 3303 678 3357 Kaozlei
702 3305 878 3374 aungefertigt
904 3251 1008 3359 morien
1032 3322 1126 3368 waren,
1152 3304 1214 3358 dass
1232 3305 1287 3358 ihm
1307 3305 1354 3358 dor
1406 3307 1548 3374 liraburgcr

366 3375 458 3428 Duhat
471 3373 604 3442 ,ldrmlich
633 3375 758 3429 verbrieit
785 3376 881 3429 surde.
919 3375 976 3429 Von
1004 3376 1089 3429 dieser
1107 3374 1233 3429 Urlnrnde
1256 3375 1377 3429 befinden
1402 3376 1460 3429 sich
1485 3378 1546 3430 ruci

366 3444 703 3514 Originalmsiertigrmgen
721 3446 758 3499 im
776 3445 936 3500 hidnchcner
953 3445 1164 3512 Reichsarchive,
1192 3462 1241 3498 von
1260 3446 1344 3500 deuon
1363 3445 1405 3500 die
1423 3446 1480 3502 aina
1498 3447 1543 3516 (A)

365 3515 501 3584 gcsiegelt,
531 3513 573 3568 die
600 3515 697 3569 andere
715 3516 749 3583 (B
779 3516 829 3570 mit
853 3516 925 3572 einer
944 3515 1084 3571 Goldbulle
1111 3516 1236 3570 verschen
1262 3516 1307 3572 ist.
1344 3516 1468 3570 Bresslau
1486 3517 1545 3586 gibt

366 3585 416 3640 den
433 3585 501 3639 Text
525 3584 636 3639 naehd
662 3586 717 3639 und
760 3591 765 3602 “
825 3587 852 3640 in
878 3586 928 3640 den
947 3586 1033 3641 Noton
1060 3587 1102 3642 die
1120 3585 1264 3642 Varianten
1289 3604 1338 3642 von
1356 3587 1379 3640 B
1398 3587 1484 3642 hinnu.
1521 3587 1544 3640 B

367 3654 564 3710 unterscheidet
590 3656 648 3709 sich
675 3657 768 3711 vonA
795 3657 850 3711 last
877 3657 1089 3712 aussohliesslich
1118 3657 1201 3711 durch
1225 3657 1320 3712 andere
1344 3657 1542 3724 Schreibweise3

366 3727 409 3780 ich
426 3726 494 3780 habe
519 3725 606 3795 einigc
632 3727 796 3781 namhaitere
813 3728 958 3782 Variantcn
985 3728 1012 3782 in
1038 3729 1122 3783 moine
1141 3727 1248 3782 Editiou
1276 3727 1481 3798 auigsuommsn.
1516 3759 1540 3766 --

366 3787 438 3852 iiber
455 3796 504 3850 das
522 3797 700 3866 Wnrrborger
718 3797 878 3866 Har-coptum
907 3799 961 3852 und
985 3799 1028 3852 die
1046 3799 1132 3852 damit
1148 3799 1177 3852 in
1195 3797 1423 3867 Zusammenhang
1441 3799 1544 3853 slehen·

368 3867 418 3922 dan
435 3867 613 3936 Wlirnburger
630 3867 841 3922 Freiheitsbrieie
866 3869 952 3923 haben
970 3869 1127 3939 gehnudelt:
1154 3867 1284 3925 Ecklrart.
1307 3869 1493 3924 Commentarii
1511 3869 1544 3922 de

368 3939 445 3993 rebus
463 3937 589 3992 Franciae
607 3939 743 3992 orientalis
761 3941 789 3993 et
805 3939 971 4010 episcopatus
990 3939 1229 4006 Wirzebnrgensim
1255 3940 1361 4006 Hiroelr,
1379 3939 1544 3994 Jahrblicher

368 4008 394 4063 d.
413 4008 439 4062 d.
456 4009 489 4063 R.
508 4012 586 4062 unter
596 4008 722 4062 Heinrich
731 4009 767 4076 11,
786 4009 822 4075 Il,
836 4014 989 4078 ris-188,
1009 4010 1141 4077 Bresslau,
1160 4010 1210 4064 Die
1227 4009 1343 4064 Wlirnbn
1391 4027 1404 4063 r
1420 4010 1545 4064 Immuni·

367 4083 442 4132 titeu
469 4079 523 4132 und
551 4079 600 4132 das
626 4079 787 4148 Hemogtum
814 4079 990 4146 Ostlraniren,
1017 4081 1122 4136 Forsch.
1149 4099 1170 4136 z.
1194 4080 1219 4135 d.
1247 4080 1322 4136 G.X
1371 4124 1377 4145 ,
1405 4085 1543 4146 87-110;

368 4149 482 4215 Henuer,
508 4150 559 4203 Dia
575 4148 739 4219 hermgliche
757 4149 862 4205 Gewnlt
888 4151 935 4205 der
952 4151 1074 4206 Bisohbfc
1098 4170 1148 4206 von
1165 4151 1328 4219 Wiirabrrrg;
1354 4151 1467 4221 Stumpl,
1494 4151 1543 4206 Dio

367 4219 545 4288 Wlimburger
561 4219 869 4276 immunititsuriruudsn
896 4222 942 4276 des
971 4227 1009 4276 lo.
1036 4222 1090 4276 und
1112 4227 1151 4277 ll.
1169 4222 1273 4288 Jahrb,
1301 4223 1342 4276 ein
1362 4222 1472 4290 Beitrag
1499 4239 1544 4275 aur

367 4289 530 4360 Diplomatiir
549 4291 656 4358 (1874);
684 4291 816 4358 Bresslau,
841 4291 915 4347 outo.
935 4293 991 4348 (iel.
1011 4293 1084 4359 Ann,
1112 4293 1204 4362 Jahrg.
1228 4297 1294 4348 1874
1322 4293 1348 4348 S.
1368 4297 1542 4358 993-1osl;

368 4359 481 4431 Stumpi,
509 4360 559 4414 Die
577 4360 675 4414 Wlirzb
739 4362 1087 4430 rImmunitdtsurlrunden,
1112 4368 1136 4418 ·2.
1156 4363 1348 4432 Abhandlung:
1378 4363 1443 4418 Eine
1468 4363 1543 4416 Anti·

368 4431 450 4486 trinu
469 4431 574 4501 (1876);
593 4431 690 4498 Woitz,
766 4432 841 4486 tache
858 4433 1187 4504 Verlassungsgeschichte
1206 4435 1265 4501 vn,
1285 4439 1319 4490 95
1338 4435 1364 4488 ff.
