3617 5284
1394 582 1457 648 237

365 765 394 825 7.
420 761 569 825 Preterea
583 759 727 824 domiuus
748 777 831 856 papa
852 762 885 823 et
907 758 1051 822 dominus
1067 759 1235 854 imperator
1257 755 1296 820 91
1311 756 1461 820 honorem

279 851 312 912 et
343 847 413 911 iura
445 846 571 910 ecclesie
604 847 637 910 91
667 845 789 928 impem
824 844 1035 909 conservanda
1066 844 1202 908 uicissim
1235 861 1268 906 se
1301 842 1460 918 iuvabunt

278 935 421 998 dominus
443 951 525 1015 papa
552 933 589 994 ut
617 932 771 1012 benignus
798 932 887 1013 pater
909 930 1056 994 devotum
1085 932 1117 993 et
1144 929 1339 992 carissimum
1361 927 1460 991 filium

278 1022 310 1083 et
321 1021 540 1103 imperatorem
551 1016 852 1092 christianissimum,
867 1017 1011 1081 dominus
1023 1035 1093 1080 vero
1105 1016 1272 1099 imperator
1283 1017 1320 1078 ut
1330 1014 1460 1078 devotus

279 1106 362 1169 iilius
377 1106 409 1169 91
422 1103 697 1168 christianissimus
712 1103 880 1186 imperator
895 1103 1043 1168 dilectum
1066 1105 1098 1165 et
1112 1101 1317 1166 reverendum
1337 1102 1459 1184 patrem

278 1195 311 1256 et
331 1191 415 1255 beati
436 1189 522 1254 Petri
543 1189 701 1253 vicanum

365 1279 393 1340 8.
421 1275 612 1357 Quocunque
635 1277 741 1339 autem
763 1277 902 1357 tempore
925 1274 1080 1340 scismatis
1109 1274 1159 1338 vel
1180 1273 1340 1338 occasione
1362 1271 1461 1356 ipsius

279 1365 334 1426 aut
363 1363 429 1426 siue
452 1361 557 1425 ordine
579 1360 738 1425 iudiciario
761 1360 898 1425 ecclesiis
927 1379 946 1424 a
969 1360 1092 1424 domino
1114 1360 1302 1443 imperatore
1323 1358 1373 1422 vel
1396 1357 1461 1422 suis

279 1452 354 1512 sunt
376 1449 488 1524 ablata
511 1447 555 1511 eis
577 1447 791 1510 restituentur.

365 1537 395 1598 9.
422 1533 537 1598 Pacem
559 1533 654 1596 ctiam
678 1551 783 1596 veram
805 1531 950 1596 dominus
973 1531 1139 1615 imperator
1161 1530 1254 1595 faciet
1275 1549 1347 1594 cum
1369 1528 1462 1592 Lorn-

278 1620 382 1683 bardis
412 1617 584 1683 secundum
613 1618 696 1699 quod
725 1617 911 1680 tractabitur
931 1635 987 1700 per
1008 1617 1194 1682 mediatores
1217 1635 1295 1698 quos
1318 1615 1462 1680 dominus

277 1725 359 1790 papa
386 1707 418 1768 et
440 1705 584 1768 domiuus
605 1704 774 1786 imperator
802 1705 834 1766 et
855 1702 1022 1766 Lcmoardi
1053 1703 1091 1766 91
1114 1702 1336 1786 perficiendum
1366 1702 1462 1765 inter-

282 1791 450 1874 posuerint
465 1791 507 1853 nt
518 1790 584 1871 [si]
597 1793 764 1872 postquam
775 1789 813 1852 de
824 1807 900 1872 pace
910 1788 991 1853 inter
1002 1789 1163 1853 domiuum
1175 1807 1289 1886 papam
1300 1787 1462 1851 ecclesiam

279 1879 311 1940 et
332 1877 551 1960 imperatorem
581 1875 767 1958 dispositum
788 1873 882 1938 fuerit
904 1874 1101 1951 sufficienter,
1130 1874 1246 1956 aliquid
1270 1874 1300 1936 in
1325 1875 1460 1936 tractatu

279 1963 363 2046 pacis
397 1961 514 2026 domini
543 1961 737 2044 imperatoris
771 1963 804 2024 et
831 1960 1078 2025 bombardorum
1105 1961 1266 2024 emerserit
1294 1958 1377 2040 quod
1407 1977 1462 2040 per

280 2049 465 2111 mediatores
480 2047 621 2129 componi
643 2065 706 2110 non
728 2047 834 2130 possit
858 2047 985 2110 arbitn'o
999 2046 1125 2110 maioris
1141 2047 1238 2130 partis
1253 2044 1461 2108 mediatorum

280 2134 334 2215 qui
356 2152 393 2196 ex
415 2135 504 2216 parte
526 2133 642 2196 domini
663 2151 743 2215 pape
773 2134 804 2195 et
826 2132 943 2195 domini
965 2132 1160 2216 imperatoris
1184 2131 1221 2195 ad
1245 2131 1276 2195 id
1299 2129 1460 2194 constituti

280 2221 363 2296 sunt
386 2219 528 2282 stabitur.
571 2218 716 2300 Ipsorum
738 2219 844 2281 autem
866 2217 1072 2282 mediatorum
1095 2236 1151 2300 par
1172 2235 1323 2281 numerus
1344 2216 1411 2280 erit.

368 2305 416 2368 10.
444 2303 558 2368 Pacem
580 2323 686 2367 veram
713 2303 822 2367 reddet
852 2303 997 2367 dominns
1023 2303 1192 2386 imperator
1213 2303 1278 2386 regi
1300 2301 1406 2367 Oicffie
1429 2302 1461 2364 91

279 2389 833 2541 ilprperatoritdcplsltantinopphtano
870 2391 904 2538 ett
931 2389 1085 2538 univpppip
1115 2388 1307 2537 9119199199
1334 2387 1461 2451 ecclesie

311 2495 421 2541 omane
450 2495 467 2538 e
509 2495 529 2538 u
578 2495 631 2539 um
659 2493 713 2539 ma
724 2495 779 2538 uni
801 2495 878 2538 men
895 2495 950 2539 um
970 2494 1004 2539 re
1049 2495 1065 2539 0
1107 2493 1163 2558 per
1185 2493 1218 2538 se
1240 2493 1277 2538 ve
1312 2492 1384 2538 suos
1406 2493 1462 2556 pro

281 2563 405 2627 servitio
427 2561 540 2625 collato
562 2561 688 2625 ecclesie
710 2562 859 2625 Romane.

370 2651 419 2711 11.
444 2647 492 2711 De
522 2647 657 2728 querelis
686 2649 792 2711 autem
822 2653 854 2710 91
881 2646 1100 2710 controversiis·
1132 2665 1192 2727 que
1220 2657 1293 2710 ante
1322 2649 1463 2727 tempora

280 2734 395 2799 domini
424 2753 504 2816 pape
532 2732 660 2797 Adriani
693 2733 775 2796 inter
802 2733 966 2797 ecclesiam
995 2735 1026 2796 et
1056 2733 1274 2816 imperatorem
1305 2732 1354 2795 vel
1382 2731 1463 2794 inter

280 2820 441 2885 dominum
469 2819 688 2902 imperatorem
720 2821 753 2883 91
773 2837 879 2901 regem
903 2818 1006 2882 Sicilie
1028 2819 1244 2894 vertebantur,
1276 2816 1461 2882 mediatores

282 2905 399 2970 domini
426 2923 506 2989 pape
539 2908 571 2968 91
599 2905 714 2969 donnini
741 2905 938 2988 imperatoris
972 2904 1202 2969 constituentur
1235 2903 1348 2984 quibus
1382 2921 1464 2966 com-

281 2993 456 3067 mittuntur,
472 2994 503 3054 et
516 2990 690 3055 9091911010
706 2991 755 3055 vel
766 2991 930 3055 concordia
945 2990 1167 3054 terminabunt.
1200 2989 1331 3052 Interim
1347 2994 1463 3065 autem,

282 3077 380 3141 10990
407 3078 559 3140 tractatus
588 3077 671 3158 pacis
694 3077 825 3152 durabit
852 3075 1018 3140 hincinde
1041 3094 1152 3157 guerre
1175 3077 1206 3139 et
1227 3075 1342 3139 offense
1364 3093 1465 3140 cessa-

282 3163 370 3226 bunt.
415 3161 448 3224 Si
463 3180 535 3225 vero
553 3162 682 3244 predicti
697 3162 883 3227 mediatores
898 3181 960 3226 non
975 3162 1182 3239 convenerint,
1205 3161 1331 3224 arbitrio
1345 3160 1461 3224 domiui

282 3267 362 3331 pape
384 3249 416 3310 et
435 3246 551 3311 domini
572 3247 765 3330 imperatoris
787 3248 836 3311 vel
858 3248 926 3312 eius
947 3249 997 3312 vel
1019 3267 1126 3312 corum
1149 3266 1227 3329 quos
1250 3247 1288 3311 91
1310 3246 1342 3310 11
1365 3246 1465 3328 clege-

283 3335 354 3410 rint
367 3334 524 3396 finientur.
559 3332 691 3396 interim
705 3337 811 3397 autem
826 3335 968 3397 similiter
987 3333 1145 3398 hincinde
1160 3333 1274 3397 offense
1289 3332 1465 3396 cessabunt.

375 3421 422 3481 12.
451 3417 605 3483 Oristiauc
634 3425 740 3483 autem
763 3419 845 3483 dicto
867 3420 1050 3484 cancellario
1073 3419 1277 3502 Moguntinus
1300 3417 1465 3500 archiepis-

284 3507 423 3589 copatus,
445 3503 588 3589 Philippo
615 3508 720 3569 autem
749 3504 941 3571 Coloniensis
969 3505 1155 3570 concedetur
1184 3505 1465 3587 archiepiscopatus

285 3597 317 3656 et
338 3591 606 3655 confirmabuntur
627 3610 699 3655 cum
715 3592 798 3655 omni
813 3591 1006 3675 plenitudine
1022 3590 1289 3674 archiepiscopalis
1304 3588 1465 3671 dignitatis

285 3680 316 3741 et
350 3676 449 3741 officii.
491 3677 533 3740 111
565 3678 684 3763 primus
711 3678 993 3761 archiepiscopatus
1026 3679 1080 3760 qui
1113 3677 1145 3740 in
1174 3695 1269 3758 reguo
1297 3675 1466 3739 Teutonico

286 3763 416 3838 vacabit
450 3762 574 3827 dominc
597 3763 737 3828 Conrado
747 3764 779 3847 *)
812 3765 995 3828 auctoritate
1029 3763 1145 3828 domiui
1177 3782 1255 3847 pape
1289 3766 1321 3824 et
1353 3761 1465 3825 auxilio

286 3847 402 3912 domini
425 3847 619 3931 imperatoris
642 3850 852 3931 assignabitur
878 3852 931 3931 qui
960 3852 1066 3914 tamen
1089 3868 1244 3930 congruus
1266 3849 1292 3910 91
1316 3847 1465 3912 videatur.

284 3934 415 3997 Interim
437 3935 543 3996 autem
565 3954 621 4018 per
641 3934 802 3999 domiuum
824 3954 937 4018 papam
960 3939 992 3999 et
1013 3935 1173 3998 dominum
1195 3934 1415 4016 imperatorem
1437 3932 1466 3995 ei

285 4019 450 4084 honorifice
471 4020 688 4101 providebitur.

374 4106 422 4168 13.
448 4103 487 4167 111
508 4108 613 4168 autem
635 4106 688 4187 qui
709 4106 823 4170 dicitm
843 4105 983 4171 calixtus
1006 4124 1069 4169 una
1091 4105 1216 4170 abbatia
1237 4104 1371 4168 dabitur.
1414 4103 1466 4167 Illi

378 4295 403 4359 *)
421 4292 530 4347 Kourad
548 4311 572 4346 r.
583 4291 761 4348 Wittelsbach
778 4311 833 4347 nar
850 4294 887 4348 im
898 4295 925 4349 J.
946 4298 1013 4349 irco
1032 4293 1071 4348 als
1090 4293 1233 4362 hnhiinger
1245 4292 1405 4346 Alexarrders
1415 4291 1465 4346 111.

288 4365 373 4419 seinos
396 4363 561 4418 Erebisturus
588 4367 703 4417 09199191
731 4365 786 4418 991
814 4365 899 4418 dieses
927 4364 985 4418 dem
1014 4364 1128 4418 Kaualer
1145 4363 1281 4419 Christian
1308 4363 1466 4432 tibertragen

289 4434 400 4491 worden
438 4434 513 4488 Noch
536 4434 564 4487 in
582 4432 702 4504 Venedig
728 4435 817 4489 worda
841 4453 870 4489 er
891 4451 950 4488 num
974 4434 1129 4489 Eratischof
1151 4453 1174 4490 v.
1200 4433 1328 4502 Salzburg
1353 4433 1466 4487 erhoheu

288 4506 343 4560 und
360 4507 430 4560 noch
448 4505 507 4560 deur
519 4505 591 4559 'fode
603 4503 753 4560 Chrishaus
765 4507 857 4576 (1183)
874 4505 971 4560 erhiclt
989 4521 1017 4559 er
1029 4504 1078 4560 das
1090 4505 1241 4560 Emhistum
1253 4503 1341 4557 hiainn
1359 4503 1465 4558 nurhch.
