3617 5284
1410 573 1452 634 45

273 739 461 820 peccatores,
491 739 674 804 confitentes
703 741 830 822 peecata
860 759 919 804 sua
948 759 1020 803 cum
1042 741 1201 823 lacrymis,
1231 741 1352 804 veniam
1375 740 1453 804 obti-

271 828 423 899 nuerunt,
452 827 620 908 postquam
643 828 769 908 patrum
792 825 901 906 gladiis
925 825 1086 890 eliminata
1108 830 1156 891 est
1181 826 1330 910 spurcitia
1352 827 1453 908 Paga-

272 910 400 973 uorum!
443 909 538 974 Videt
575 911 659 975 hoc⁸l
687 911 844 992 malignus
880 914 913 974 et
937 911 1068 987 invidet,
1096 912 1218 976 frendet
1248 912 1392 976 dentibus
1421 915 1453 976 et

271 995 411 1059 tabescit.
454 996 579 1060 Excitat
606 1015 681 1060 vasu
708 996 883 1078 iniquitatis
918 1015 1009 1074 suae,
1042 1017 1100 1061 nec
1128 999 1192 1061 ulla
1214 998 1341 1081 quidem
1363 1002 1453 1062 tanta

272 1081 398 1164 pietatis
414 1081 503 1162 signa
518 1083 574 1145 aut
589 1083 720 1164 vestigia
733 1083 907 1158 relicturus,
930 1082 956 1145 si
972 1083 1095 1164 quando
1110 1082 1189 1147 forte
1211 1121 1251 1127 -
1269 1084 1349 1165 quod
1366 1084 1451 1148 Deus

273 1169 395 1230 avertat
407 1168 461 1228 !›—
473 1167 611 1231 obtinere
622 1168 756 1231 valrrerit
765 1168 820 1231 illa
834 1175 942 1232 saneta
954 1171 1140 1232 sanctorum.
1152 1169 1269 1232 Verum
1281 1169 1312 1232 id
1326 1171 1452 1250 quidem

272 1252 416 1316 omnibus
434 1252 578 1336 deinceps
593 1254 724 1317 saeculis
747 1253 975 1318 inconsolabilis
998 1255 1091 1330 dolor,
1115 1255 1189 1336 quia
1210 1255 1446 1338 irrecuperabile

273 1337 438 1414 damnum,
466 1339 642 1422 specialiter
670 1343 776 1403 autem
799 1339 989 1421 generationi
1013 1341 1086 1403 buie
1108 1340 1310 1424 impiissimae
1333 1341 1454 1404 infinita

274 1423 411 1488 confusio
434 1426 466 1487 et
487 1425 685 1507 opprobrium
707 1425 941 1508 sempiternum.

359 1509 442 1588 Quid
481 1512 588 1574 tamen
629 1511 833 1586 arbitramur,
875 1511 1008 1574 iratres?
1075 1511 1229 1594 Nunquid
1275 1512 1455 1576 abbreviata

273 1613 386 1659 manus
408 1595 534 1661 Domini
564 1600 621 1659 aut
648 1597 803 1679 impotens
831 1596 915 1660 faeta
942 1597 1053 1660 estad
1077 1597 1279 1674 salvandum,
1310 1598 1391 1679 quod
1415 1597 1453 1661 ad

272 1679 426 1744 tuendum
454 1684 486 1745 et
515 1683 744 1746 restituendum
779 1682 837 1746 sibi
867 1682 1093 1746 haereditatem
1122 1703 1213 1746 suam
1238 1684 1364 1765 exiguos
1385 1699 1453 1747 rer-

273 1767 403 1831 miculos
431 1771 545 1831 vocat?
594 1767 745 1849 Nunquid
778 1787 840 1832 non
873 1771 978 1851 potest
1005 1769 1133 1832 mittere
1162 1770 1352 1850 Angelorum
1382 1769 1452 1852 plus

274 1871 369 1933 quam
398 1853 561 1917 duodecim
590 1853 727 1935 legiones
760 1856 815 1917 aut
845 1859 927 1916 certe
956 1853 1056 1918 dicere
1079 1855 1187 1932 verbo,
1218 1857 1250 1917 et
1271 1855 1454 1918 liberabitur

273 1941 379 2002 terra?
423 1938 558 2003 Omnino
580 1940 688 2004 subest
709 1939 752 2015 ei,
780 1959 853 2004 oum
875 1941 1024 2015 voluerit,
1047 1960 1153 2022 posse;
1177 1941 1246 2017 sed,
1269 1940 1335 2004 dico
1358 1940 1453 2016 vobis,

273 2027 376 2088 tentat
398 2043 451 2088 vos
467 2024 619 2089 Dominus
635 2025 720 2089 Deus
735 2028 845 2089 vester.
869 2025 1009 2108 Respicit
1030 2027 1110 2090 lilios
1133 2025 1303 2101 bominum,
1326 2025 1352 2089 si
1374 2025 1452 2089 forte

274 2110 323 2184 sit,
352 2111 404 2192 qui
432 2109 589 2192 intelligat
617 2114 648 2174 et
670 2111 808 2192 requirat
836 2113 867 2175 et
897 2111 1002 2174 doleat
1035 2111 1132 2176 ricem
1165 2111 1239 2176 eius.
1284 2111 1453 2175 Miseratur

274 2196 357 2258 enim
377 2195 530 2260 Dominus
559 2197 709 2279 populum
739 2215 832 2260 suurn
861 2199 894 2260 et
916 2197 1010 2279 lapsis
1033 2196 1168 2278 graviter
1189 2197 1331 2280 providet
1352 2215 1453 2261 reme-

274 2281 360 2344 dium
381 2282 527 2345 salutare.

359 2366 572 2442 Considerate,
609 2371 727 2449 quanto
760 2367 799 2430 ad
832 2367 996 2431 salvandos
1033 2386 1086 2431 ros
1116 2367 1244 2431 artificio
1274 2369 1389 2444 utitur,
1423 2373 1455 2432 et

275 2453 501 2535 obstupescite;
523 2453 688 2517 intuemini
709 2453 835 2535 pietatis
857 2453 924 2518 eius
948 2454 1095 2536 abyssum
1119 2457 1151 2518 et
1172 2453 1324 2530 confidite,
1346 2472 1454 2537 pecca-

274 2541 365 2602 tores.
401 2539 471 2602 Nou
494 2539 563 2602 rult
584 2542 717 2603 mortem
739 2543 884 2615 vestram,
907 2538 961 2603 sed
984 2543 1020 2603 ut
1042 2539 1264 2603 convertamini
1287 2541 1319 2603 ot
1333 2539 1453 2614 vivatis,

275 2624 349 2704 quia
377 2624 422 2687 sic
450 2624 573 2705 quaerit
594 2625 800 2699 occasionem,
829 2645 891 2689 non
915 2625 1079 2689 adversum
1101 2644 1170 2701 vos,
1200 2624 1254 2689 sed
1283 2643 1338 2708 pro
1361 2625 1455 2688 vobis.

275 2709 357 2788 Quid
392 2714 440 2773 est
472 2710 554 2773 enim
588 2711 648 2775 nisi
681 2711 835 2792 exquisita
863 2729 991 2794 prorsus
1025 2713 1056 2774 et
1088 2711 1275 2774 inventibilis
1305 2710 1363 2774 soli
1389 2711 1456 2774 Deo

275 2795 391 2860 occasio
414 2795 613 2873 salvationis,
640 2796 722 2876 quod
744 2796 931 2873 homicidas,
954 2797 1108 2878 raptores,
1131 2796 1295 2872 adulteros,
1317 2796 1457 2879 periuros

275 2881 466 2962 caeterisque
497 2882 649 2963 obligatos
678 2882 875 2959 criminibus,
910 2882 998 2963 quasi
1032 2885 1158 2963 gentem
1190 2901 1270 2963 quae
1303 2881 1456 2945 iustitiam

274 2965 389 3043 fecerit,
412 2966 450 3030 de
473 2966 598 3032 servitio
621 2987 677 3031 suo
700 2969 885 3031 submonere
908 2967 1055 3048 dignatur
1079 2967 1307 3051 Omnipotens?
1351 2967 1455 3031 Nolite

275 3052 421 3125 diffidere,
442 3055 635 3135 peccatorem
658 3054 812 3134 benignus
827 3055 875 3117 est
890 3053 1052 3117 Dominus.
1090 3053 1123 3117 si
1146 3053 1240 3117 vellet
1260 3053 1370 3136 punire
1393 3073 1456 3128 vos,

276 3139 436 3202 servitium
466 3142 606 3215 vestrum
634 3158 695 3202 nou
724 3139 815 3203 modo
837 3159 898 3204 non
922 3140 1092 3221 expeteret,
1124 3138 1177 3203 sed
1206 3138 1457 3220 necsusoiperet

276 3224 398 3306 quidem
416 3225 565 3288 oblatum.
600 3224 721 3288 Itemm
736 3225 812 3300 dico,
835 3228 964 3308 pensate
980 3223 1102 3288 divitias
1125 3224 1273 3288 bonitatis
1290 3223 1347 3288 Dei
1371 3224 1458 3287 allis-

276 3309 361 3385 simi,
390 3309 553 3374 consilium
582 3309 791 3374 miserationis
820 3311 980 3374 attendite.
1024 3309 1251 3374 Necessitatem
1282 3327 1315 3373 se
1344 3310 1457 3374 habere

276 3399 331 3458 ant
352 3394 427 3458 iacit
448 3399 504 3458 aut
525 3396 661 3471 simulat,
684 3396 760 3460 dum
783 3396 894 3460 restris
917 3396 1002 3478 cupit
1023 3395 1260 3459 necessitatibus
1284 3395 1455 3458 subvenire.

275 3481 387 3544 Teucri
408 3481 477 3544 vult
499 3481 633 3558 debitor,
655 3489 692 3546 ut
713 3482 921 3546 militantibus
945 3482 1002 3545 sibi
1025 3481 1180 3564 stipendia
1201 3481 1326 3558 reddat,
1354 3481 1458 3544 indul-

275 3565 411 3648 gentiam
440 3566 623 3632 delictorum
653 3570 685 3632 et
713 3568 844 3649 gloriam
872 3566 1101 3650 sempiternam.
1145 3567 1278 3631 Beatam
1308 3586 1379 3648 ergo
1409 3566 1455 3631 di-

277 3653 374 3716 xerim
408 3653 656 3734 generationem,
689 3672 784 3734 quam
817 3653 1001 3735 eprehendit
1035 3656 1101 3716 tam
1133 3653 1210 3717 uber
1243 3651 1454 3733 indulgentias

276 3742 417 3820 tempus,
448 3757 543 3818 quam
565 3738 684 3802 invenit
706 3739 906 3821 superstitem
931 3757 1030 3803 annus
1053 3737 1113 3802 ista
1139 3738 1300 3821 placabilis
1323 3737 1456 3800 Domino

277 3829 308 3887 et
323 3842 393 3886 rere
414 3822 576 3888 iubilaeus.
612 3823 805 3887 Diffunditur
827 3825 910 3888 enim
932 3825 1009 3887 haee
1024 3824 1196 3888 benedictio
1218 3824 1250 3886 in
1273 3824 1454 3888 universum

276 3909 438 3984 mundum,
461 3913 492 3974 et
514 3909 554 3972 ad
576 3909 702 3992 signum
724 3910 805 3974 ritae
827 3911 972 3977 certatim
994 3910 1159 3974 convolant
1181 3909 1326 3973 universi.

361 3993 443 4078 Quia
469 4014 541 4077 ergo
567 3995 700 4060 fecunda
726 4000 775 4059 est
804 3995 942 4059 vironrm
964 3995 1093 4060 fortium
1114 3997 1198 4059 terra
1220 3997 1324 4059 vestra
1355 3997 1387 4058 et
1409 4013 1457 4058 ro-

277 4081 369 4144 busta
388 4081 527 4145 noscitur
547 4080 709 4145 iuventute
731 4081 853 4157 referta,
876 4081 957 4145 sicut
972 4082 1040 4144 laus
1063 4084 1111 4144 est
1132 4085 1237 4144 restra
1258 4080 1290 4142 iu
1311 4081 1456 4144 universo

277 4166 392 4232 mundo
415 4169 448 4230 et
469 4166 593 4230 virtutis
615 4173 736 4230 restrae
758 4166 843 4230 fama
864 4167 994 4249 replerit
1016 4165 1197 4229 uniuersum
1219 4165 1335 4242 orbem,
1357 4165 1458 4228 accin-

278 4251 385 4333 gimini
413 4255 445 4316 et
467 4271 521 4315 vos
543 4252 671 4316 viriliter
693 4258 725 4317 et
746 4252 848 4316 felicia
870 4270 958 4316 arma
981 4251 1109 4335 accipite
1132 4250 1300 4315 Christiani
1322 4250 1456 4315 nominis

364 4454 389 4514 u)
408 4449 458 4502 Die
469 4447 583 4514 Vorlage
600 4446 649 4499 bat
666 4447 757 4511 homo;
776 4445 819 4499 ioh
838 4445 906 4498 habe
925 4445 992 4498 nach
1012 4445 1058 4496 der
1075 4441 1305 4510 gleiuhlautcuden
1324 4440 1406 4494 Stelle
1426 4441 1453 4494 in

278 4535 316 4575 ur.
334 4520 400 4573 XIX
418 4519 516 4574 meiner
533 4517 689 4586 Sammluug
706 4517 756 4570 hoe
773 4516 933 4584 eingemtzt,
960 4514 994 4567 da
1012 4513 1069 4567 bier
1089 4513 1135 4566 der
1155 4513 1255 4578 ,Bosa
1275 4513 1393 4581 gemeint
1411 4511 1457 4565 ist.
