3617 5284
1398 531 1442 596 ⁴3
1511 605 1514 614 .

264 699 362 763 etiam
376 699 547 783 apostolica
560 700 769 783 prohibemns,
790 703 829 764 ut
850 700 888 765 de
911 701 1063 778 omnibus,
1084 719 1173 784 quae,
1195 719 1268 766 cum
1289 705 1442 767 cursem&

262 785 460 884 acceperint,
482 786 586 868 quiete
615 786 827 884 possederint,
850 786 942 886 nulla
963 787 1106 886 deinceps
1128 787 1249 870 questio
1271 791 1442 865 moveatur,

262 869 364 1034 tu,
388 871 1443 1041 muruulltltrsrtctsuttutt

264 1042 410 1125 preciosis
437 1060 496 1107 nec
522 1043 610 1107 cultu
636 1042 757 1108 ionas
776 1063 836 1108 nec
854 1042 985 1108 canibrrs
1006 1045 1055 1108 vel
1077 1045 1276 1128 accipitribus
1297 1046 1346 1110 vel
1373 1045 1442 1110 aliis

264 1146 342 1225 quae
363 1128 551 1211 portendant
572 1127 731 1194 lasciuiam
753 1129 867 1194 debent
887 1129 1063 1207 interdura,
1084 1130 1283 1213 prudentum
1304 1135 1441 1195 ιωιηιιι
1568 1125 1573 1132 ’

264 1232 296 1277 1n
325 1213 460 1278 Domino
489 1233 737 1292 commonemus,
770 1218 821 1293 ut,
851 1215 905 1298 qui
935 1219 1001 1280 tam
1028 1218 1173 1280 sanctum
1200 1235 1280 1299 opus
1307 1217 1442 1302 insipere

265 1298 492 1377 decreuerintb)
515 1300 654 1365 adhaec
673 1321 737 1364 non
760 1301 933 1378 intendant,
955 1300 1010 1364 sed
1030 1301 1062 1365 in
1086 1301 1189 1377 aruns,
1212 1302 1299 1384 equis
1321 1304 1354 1366 et
1375 1320 1444 1366 cae·

264 1384 356 1462 teris,
382 1385 495 1468 quibus
517 1386 657 1451 infideles
679 1388 866 1470 expugnent,
899 1386 974 1451 totis
1003 1387 1120 1451 viribus
1149 1387 1289 1452 studium
1318 1393 1349 1452 et
1371 1387 1443 1452 dili-

264 1471 402 1550 gentiam
434 1471 612 1537 adhibeant
666 1470 914 1555 Quicumque
954 1490 1044 1537 vero
1085 1491 1177 1538 aere
1209 1479 1443 1557 premuntur

265 1556 394 1620 alieno
427 1562 467 1621 et
499 1560 577 1622 tam
609 1563 797 1623 sanctum
825 1558 901 1622 iter
929 1577 1026 1641 puro
1056 1558 1172 1622 corde
1201 1559 1441 1642 inceperint,

264 1641 309 1705 de
336 1642 534 1725 preterito
562 1662 708 1708 usuras
733 1663 813 1708 non
843 1643 1020 1720 solvant,
1050 1647 1082 1708 et
1112 1644 1137 1708 si
1159 1644 1219 1727 ipsi
1240 1645 1290 1708 vel
1312 1644 1364 1708 alii
1385 1664 1442 1728 pro

264 1727 309 1791 eis
336 1728 495 1792 occasione
523 1748 692 1794 usurarum
718 1729 838 1794 astricti
866 1731 942 1794 sunt
969 1735 1163 1794 sacramento
1192 1729 1242 1794 rel
1262 1730 1339 1808 fide,
1368 1749 1442 1815 apo-

264 1813 373 1878 stolica
400 1833 454 1878 eos
477 1816 662 1880 auctoritate
685 1815 883 1880 absolvimus.
928 1814 1068 1881 Liceat
1087 1816 1142 1880 cis
1165 1815 1285 1880 etiam
1306 1819 1441 1882 terras

263 1900 345 1964 sive
373 1904 556 1965 caeteras
583 1901 867 1984 possessiones
895 1919 1000 1978 suas,
1032 1905 1244 1985 postquam
1274 1920 1442 1967 commo·

262 1985 340 2048 niti
361 1986 578 2069 propinqui
600 1986 687 2051 sive
709 1985 873 2063 domini,
906 1985 954 2050 ad
982 2005 1150 2070 qnorum
1177 1985 1334 2052 feudum
1356 2007 1442 2072 per·

263 2071 412 2147 tinent,
442 2073 651 2154 pecuniam
672 2071 924 2136 commodare
947 2075 1016 2137 aut
1037 2073 1249 2138 noluerint
1276 2079 1441 2138 autnon

263 2156 484 2234 valuerint,
512 2157 725 2223 aecclesiis
745 2157 808 2223 rel
830 2158 1017 2242 personis
1039 2158 1358 2224 aecclesiasticis
1380 2160 1441 2224 vel

264 2241 360 2306 aliis
389 2260 542 2327 quoqne
570 2242 765 2308 fidelibus
786 2243 918 2308 libere
940 2244 1024 2308 sine
1045 2245 1131 2309 ulla
1151 2244 1441 2310 reclamatione

263 2327 534 2410 inpignorare
576 2329 779 2394 Peccatorum
808 2329 1024 2394 remissionem
1051 2333 1083 2394 et
1105 2329 1331 2396 absolutionem
1353 2330 1441 2394 iuxta

263 2411 373 2496 prefati
396 2413 620 2497 predecessoris
641 2414 739 2480 nostri
754 2415 983 2479 institutionem
998 2415 1220 2500 omnipotentis
1235 2415 1295 2480 Dei
1310 2421 1342 2480 ct
1357 2416 1441 2481 beati

264 2499 349 2563 Petri
381 2499 591 2582 apostolorum
628 2501 774 2584 principis
807 2501 991 2566 auctoritate
1024 2501 1113 2567 nobis
1146 2520 1166 2566 a
1197 2501 1264 2566 Deo
1297 2520 1442 2568 concessa

264 2585 360 2649 talem
387 2586 600 2664 concedimus,
633 2590 686 2663 ut,
715 2586 769 2670 qui
798 2588 865 2650 tam
892 2592 1037 2652 sanctum
1067 2587 1127 2652 iter
1154 2586 1263 2652 deuote
1291 2587 1442 2671 inceperit

265 2675 296 2734 et
325 2669 488 2754 perfecerit
519 2672 583 2736 sive
610 2671 726 2736 ibidem
752 2675 896 2736 mortuns
925 2671 1035 2750 fuerit,
1068 2673 1106 2736 de
1133 2674 1277 2738 omnibus
1306 2674 1440 2756 peccatis

263 2757 337 2831 suis,
359 2757 472 2839 quibus
494 2757 585 2822 corde
607 2756 740 2821 contrito
763 2761 795 2820 et
823 2755 990 2822 humiliato
1013 2757 1238 2822 confessionem
1261 2759 1440 2842 susceperit,

263 2842 491 2906 absolutionem
522 2842 661 2906 obtineat
694 2847 726 2906 et
756 2841 964 2926 sempiternae
995 2843 1207 2908 retributionis
1236 2841 1373 2908 fructum
1402 2845 1441 2909 ab

262 2927 402 2992 omniurn
423 2928 670 2993 Remuneratore
691 2928 850 3012 percipiat
886 2928 971 2992 Data
991 2928 1137 3006 Vetralle,
1159 2928 1230 2992 Kal
1251 2929 1440 2994 Decembris.

402 3197 485 3287 uu.
510 3198 656 3286 snum
679 3199 740 3286 ut
764 3198 945 3287 seuseu
969 3222 999 3287 ι.
1025 3171 1190 3286 ornum
1214 3200 1298 3288 ιιιι
1352 3299 1353 3302 ψ

538 3329 648 3398 (Migne,
665 3329 765 3383 Patrol.
786 3328 860 3384 Curs.
879 3327 909 3384 Τ.
931 3331 990 3396 182,
1009 3347 1049 3385 ur.
1067 3329 1169 3398 363.)')

350 3439 426 3509 [Vita
442 3441 572 3495 Bernardi
590 3439 645 3508 111,
670 3444 699 3495 t:
726 3441 886 3512 Apostoliris
903 3445 985 3498 ctiam
1003 3442 1102 3496 litteris
1119 3443 1250 3510 monitus,
1277 3459 1325 3496 nec
1343 3443 1381 3496 sic
1399 3460 1441 3496 ao·

261 3511 361 3581 quierit
387 3528 466 3583 super
488 3511 539 3565 hoc
564 3511 651 3582 loqui,
769 3512 850 3566 donec
877 3531 925 3583 per
949 3513 1032 3584 ipsius
1060 3512 1166 3566 tandem
1190 3514 1285 3569 summi
1308 3513 1440 3584 pontificis

261 3582 410 3649 generalem
428 3599 443 3634 e
461 3581 568 3636 istolsm
585 3583 672 3636 iussus
690 3583 725 3636 ab
743 3599 773 3635 eo
792 3585 841 3650 est,
860 3586 997 3654 tamqnam
1009 3583 1143 3636 Romsuse
1154 3583 1279 3638 ecclesiae
1290 3583 1382 3652 lingua
1399 3601 1441 3638 er·

264 3668 367 3734 ponch
376 3670 409 3734 pc
457 3651 479 3704 's
492 3655 571 3722 atque
583 3653 758 3735 principibus3
777 3653 851 3735 cuius
863 3654 1083 3736 epistolaeutenor
1092 3653 1152 3736 luit,
1171 3656 1202 3707 ut
1212 3653 1240 3708 in
1252 3654 1439 3724 poenitentiam

260 3724 668 3932 ttqfflnffittsstt‘tt
684 3723 1440 3863 ttttttttbttttttttfflrtttttt

262 3879 377 3917 veroren
394 3880 540 3932 gegangen.

345 3950 479 4018 Domino
493 3957 526 4016 et
539 3951 621 4036 patri
635 3953 797 4019 kanssimo
820 3954 962 4038 episcopo
978 3953 1116 4038 Spirensi
1139 3955 1171 4016 ct
1192 3952 1336 4018 uniuerso
1359 3953 1440 4019 clero

261 4040 293 4101 et
312 4038 427 4121 populo
455 4038 635 4103 Bernardus
658 4040 767 4104 Clarae
796 4038 954 4105 Vallensis
977 4041 1105 4104 vocatus
1128 4037 1237 4116 abbas,
1265 4039 1299 4102 in
1328 4039 1439 4123 spiritu

262 4121 451 4188 fortitudinis
473 4123 640 4189 abundare.

348 4263 375 4328 a)
392 4277 432 4315 nr.
450 4264 482 4315 2:
504 4277 554 4330 que
571 4260 627 4328 illi,
651 4261 696 4330 qui
720 4277 831 4320 crucam.
867 4261 896 4328 b)
915 4278 955 4316 nr.
979 4265 995 4316 2
1017 4262 1106 4316 lautet
1130 4279 1179 4316 ron
1208 4261 1372 4316 decreverint
1397 4261 1440 4316 bis

259 4331 338 4385 muris
355 4331 558 4386 amitihrlicber:
576 4330 746 4398 decreverint,
764 4329 916 4386 nullatenus
926 4333 955 4386 in
973 4333 1090 4387 restibus
1101 4333 1181 4387 variis
1194 4335 1243 4386 aut
1262 4333 1363 4400 grisiis,
1384 4332 1439 4386 sive

261 4403 288 4457 in
307 4402 388 4456 armis
406 4401 493 4455 aureis
510 4401 551 4456 rel
570 4402 702 4470 argenteis
720 4402 871 4470 intendant,
890 4403 937 4456 sod
956 4403 984 4457 in
1002 4403 1102 4457 talibus
1121 4403 1210 4458 armis.

347 4471 450 4542 *)Vgl.
469 4472 535 4526 liber
552 4471 637 4526 dimas
648 4471 865 4528 Rundsclrreiben
877 4473 986 4543 Kugler,
1004 4473 1116 4528 Studien
1134 4490 1157 4530 a.
1173 4472 1267 4530 Gesah.
1287 4473 1312 4530 d.
1332 4473 1439 4529 uueiten
