3617 5284
1394 489 1437 549 25

259 658 352 722 faciat
374 657 518 722 dominus
542 677 657 733 eorum,
680 658 738 722 sub
760 655 890 741 pedibus
912 657 975 720 tuis
997 657 1130 722 calcasti.
1161 657 1200 720 In
1222 676 1355 738 quorum
1370 677 1442 722 con-

257 744 427 808 calcatione
443 745 498 808 tibi
515 744 650 808 favorem
674 744 712 807 ab
727 763 778 808 ore
801 743 884 824 vulgi
908 742 1111 825 comparasti;
1134 763 1212 823 quos
1234 762 1341 808 omnes
1363 743 1441 806 nihil

257 830 343 905 seire,
365 833 396 893 te
419 834 524 893 autem
547 830 648 894 solum
667 829 770 893 onmia
796 847 887 892 nosse
909 828 1064 904 iudicasti,
1097 847 1160 908 qua
1182 829 1290 909 utique
1312 829 1441 892 scientia

257 935 318 978 non
341 914 379 978 ad
403 915 653 992 aedificationem,
675 915 730 978 sed
752 915 791 978 ed
813 914 1054 978 destructionem
1076 915 1122 977 uti
1138 913 1300 987 studuisti;
1323 919 1359 978 ut
1373 915 1440 978 iure

258 1001 316 1065 hoc
336 1001 463 1064 beatum
486 1001 685 1083 Gregorium,
716 1001 804 1064 cuius
825 1019 938 1064 nomen
960 1001 1016 1064 tibi
1044 1001 1217 1082 usurpasti,
1246 1000 1284 1064 de
1312 1004 1344 1064 te
1371 1020 1440 1082 pro-

257 1088 401 1169 phetasse
430 1087 591 1150 credamus
620 1087 663 1150 sic
689 1086 859 1150 dicentem:
889 1087 935 1148 Ex
964 1085 1123 1149 affluentia
1145 1086 1353 1150 subiectorum
1375 1087 1441 1168 ple-

256 1191 390 1253 rumque
414 1173 536 1236 animus
558 1172 687 1256 praelati
710 1173 879 1247 extollitur,
909 1175 941 1236 et
967 1171 1111 1236 aestimat
1137 1191 1171 1235 se
1197 1173 1268 1254 plus
1297 1173 1440 1236 omnibus

258 1277 356 1341 posse.
393 1258 435 1322 m
456 1278 512 1322 nos
535 1259 661 1339 quidem
684 1259 760 1322 haec
781 1258 884 1321 onmia
906 1257 1130 1332 sustinuimus,
1159 1257 1234 1320 dum
1256 1257 1440 1340 apostolicae

259 1344 340 1408 sedis
368 1345 515 1408 honorem
545 1363 666 1408 servare
695 1343 888 1416 studuimus3
919 1343 974 1407 sed
1001 1348 1036 1406 tu
1065 1343 1274 1407 humilitatem
1301 1348 1440 1408 nostram

258 1430 401 1493 timorem
423 1429 486 1494 iore
508 1430 696 1505 intellexisti,
717 1429 847 1510 ideoque
870 1432 902 1492 et
923 1429 1095 1510 irrregiam
1116 1432 1303 1511 potestatem
1316 1429 1404 1493 nobis
1423 1447 1442 1493 a

258 1515 324 1580 Deo
357 1534 551 1579 concessam·
568 1534 715 1597 exurgere
747 1535 809 1578 non
842 1515 987 1591 timuisti,
1019 1533 1115 1595 quam
1142 1520 1174 1578 te
1202 1515 1290 1578 nobis
1319 1514 1440 1578 auferre

259 1621 354 1666 ausus
367 1621 399 1664 es
411 1601 539 1664 minari:
563 1601 651 1683 quasi
673 1621 729 1666 nos
753 1621 771 1665 a
792 1604 823 1664 te
845 1619 978 1682 regnum
996 1600 1212 1683 acceperimus,
1235 1601 1323 1682 quasi
1338 1600 1442 1664 intua

259 1691 291 1751 et
313 1687 427 1751 nonin
450 1687 507 1750 Dei
529 1707 625 1751 manu
649 1687 758 1750 situel
780 1705 913 1768 regnum
934 1687 982 1751 vel
998 1686 1171 1768 imperium.
1201 1685 1282 1764 Quia
1298 1685 1441 1750 dominus

260 1775 365 1836 noster
386 1772 476 1836 lesus
499 1773 642 1837 Christus
669 1793 724 1836 nos
748 1772 786 1836 ad
809 1792 955 1852 regnum,
985 1775 1017 1835 te
1045 1776 1151 1836 autem
1179 1790 1241 1836 non
1263 1773 1382 1836 vocarit
1401 1771 1441 1835 ad

259 1857 474 1922 sacerdotium.
514 1859 561 1922 'lu
592 1858 674 1922 enim
705 1859 752 1920 his
782 1859 929 1938 gradibus
959 1857 1142 1930 ascendisti;
1172 1857 1288 1921 scilicet
1317 1858 1441 1933 astutia,

260 1943 343 2024 quod
358 1943 538 2008 monachica
559 1943 706 2026 professio
728 1945 953 2018 abhominatur,
968 1943 1140 2025 pecuniam,
1155 1944 1286 2025 pecunia
1297 1943 1441 2019 favorem,

259 2029 362 2094 lavere
385 2031 516 2106 ferrum,
543 2029 623 2094 ferro
645 2030 750 2094 sedem
773 2030 855 2112 pacis
879 2029 985 2105 adisti,
1014 2029 1105 2092 etde
1128 2028 1200 2092 sede
1228 2029 1311 2110 pacis
1333 2047 1441 2112 pacem

259 2115 400 2192 turbasti,
423 2114 498 2178 dum
521 2115 660 2180 subditos
681 2116 714 2179 in
729 2115 881 2198 praelatos
899 2115 1036 2190 armasti,
1058 2114 1133 2178 dum
1150 2115 1306 2198 episcopos
1320 2118 1442 2178 nostros

260 2201 366 2264 allec
388 2203 526 2277 vocatos,
555 2205 590 2264 tu
619 2220 680 2266 non
710 2205 835 2267 vocatus
862 2199 1050 2284 spernendos
1078 2199 1223 2276 docuisti,
1251 2200 1327 2264 dum
1356 2200 1442 2263 laicis
1482 2241 1486 2248 ι

260 2287 468 2350 ministerium
491 2306 597 2350 eorum
620 2307 713 2370 super
734 2287 909 2352 sacerdotes
937 2286 1109 2368 usurpasti,
1136 2287 1174 2348 ut
1201 2286 1260 2369 ipsi
1288 2285 1443 2368 deponant

260 2373 309 2436 vel
341 2372 581 2454 condempnent,
626 2393 702 2454 quos
746 2373 803 2456 ipsi
841 2391 860 2436 a
892 2391 989 2436 manu
1019 2372 1079 2434 Dei
1121 2391 1176 2453 per
1214 2371 1442 2452 impositionem

260 2477 412 2522 manuum
440 2458 659 2541 episcopalium
687 2458 814 2523 docendi
838 2460 1026 2540 acceperant
1062 2458 1113 2520 Me
1136 2476 1273 2538 quoque,
1296 2457 1349 2538 qui
1371 2457 1444 2520 licet

259 2543 406 2625 indignus
428 2544 508 2607 inter
537 2544 668 2608 christos
697 2545 736 2608 ad
764 2563 895 2624 regnum
926 2563 997 2607 snm
1024 2546 1145 2619 unctus
1173 2542 1315 2624 tetigisti,
1349 2561 1442 2623 quem

261 2631 438 2693 sanctorum
466 2633 590 2712 patrum
623 2629 746 2694 traditio
775 2630 831 2693 soli
859 2630 925 2693 Deo
946 2627 1146 2696 indicandum
1168 2628 1280 2703 docuit,
1308 2647 1367 2692 neo
1387 2648 1442 2710 pro

261 2715 364 2795 aliquo
387 2715 514 2779 crimine
538 2715 595 2780 nisi
615 2735 633 2778 a
654 2715 722 2791 fide,
745 2715 827 2796 quod
851 2716 938 2790 absit,
961 2715 1203 2791 exorbitaverim,
1225 2713 1443 2796 deponendum

262 2801 409 2872 asserant:
444 2820 516 2864 oum
549 2802 643 2865 etiam
671 2801 828 2865 Iulianum
862 2805 1035 2884 apostatam
1067 2800 1232 2883 prudentia
1265 2803 1443 2864 sanctorum

261 2891 387 2970 petrum
431 2907 491 2950 non
525 2886 582 2951 sibi
624 2887 677 2951 sed
720 2887 776 2952 seli
818 2887 883 2952 Deo
920 2885 1120 2950 iudicandum
1164 2885 1443 2968 deponendumque

262 2971 457 3036 commiserit.
490 2972 560 3056 Ipse
584 2992 706 3054 quoque
729 2991 819 3036 verus
842 2991 922 3056 papa
936 2973 1045 3036 beatus
1060 2971 1174 3036 Petrus
1189 2971 1316 3036 clamat:
1340 2971 1443 3034 Deum

262 3058 377 3133 timete,
400 3077 504 3137 regem
526 3059 681 3122 honorate.
714 3059 761 3123 Tu
784 3061 902 3134 autem,
932 3059 985 3140 qui
1008 3058 1110 3121 Deum
1132 3077 1194 3122 non
1216 3057 1315 3132 timec,
1338 3057 1370 3120 in
1391 3077 1442 3121 me

262 3144 464 3208 constitutum
488 3144 554 3207 eius
577 3144 750 3209 inhonoras.
782 3144 874 3210 Unde
896 3145 1006 3208 beatus
1029 3143 1161 3219 Paulus,
1190 3143 1245 3206 ubi
1272 3143 1381 3224 angelo
1404 3143 1442 3206 de

262 3230 354 3304 coelo,
378 3229 485 3292 aliosi
508 3229 737 3312 praedicaverit,
760 3249 821 3294 non
843 3230 988 3314 pepercit,
1016 3233 1047 3293 te
1071 3248 1193 3310 quoque
1215 3228 1247 3291 in
1270 3229 1360 3292 terris
1383 3228 1443 3292 alia

262 3314 424 3379 docentem
446 3335 506 3378 non
530 3316 655 3398 excepit.
689 3317 741 3380 Ait
763 3316 863 3380 enim:
894 3316 927 3381 Si
955 3315 1025 3397 quis
1046 3316 1096 3378 vel
1122 3333 1179 3395 ego
1201 3314 1251 3378 vel
1273 3315 1403 3396 angelus
1425 3333 1443 3378 e

262 3401 345 3465 coelo
378 3403 500 3482 praeter
531 3401 562 3464 id
596 3401 678 3483 quod
712 3403 960 3484 euangelizatum
992 3405 1040 3464 est
1071 3400 1157 3465 vobis
1179 3401 1443 3481 euangelizaverit,

263 3485 428 3550 anathema
450 3486 498 3550 sit.
531 3488 577 3552 Tu
602 3507 673 3569 ergo
696 3488 754 3552 hoc
776 3489 988 3562 anathemate,
1017 3489 1049 3550 et
1070 3486 1209 3550 omnium
1230 3486 1443 3569 episcoporum

262 3573 438 3636 nostrorum
453 3571 564 3638 iudicio
580 3576 611 3637 et
626 3575 731 3638 nostro
747 3574 935 3657 dampnatus
950 3572 1109 3647 descende,
1129 3571 1322 3636 vendicatam
1337 3571 1443 3636 sedem

263 3657 462 3740 apostolicam
490 3659 647 3740 relinque3
681 3660 760 3723 alius
787 3660 818 3723 in
850 3661 962 3724 solium
989 3658 1071 3722 beati
1093 3657 1177 3721 Petri
1200 3657 1362 3733 ascendat,
1389 3657 1443 3738 qni

262 3743 348 3807 nulla
377 3743 553 3808 uiolentiam
576 3745 721 3826 religione
743 3745 886 3828 palliet-i,
916 3746 971 3810 sed
994 3745 1075 3808 beati
1097 3744 1182 3808 Petri
1204 3763 1312 3808 sanam
1335 3744 1444 3807 doceat

263 3829 442 3894 doctrinam.
476 3831 541 3912 Ego
565 3831 727 3894 Heinricus
750 3831 807 3894 Dei
830 3833 930 3912 gratia
952 3852 1004 3895 rex
1034 3850 1106 3894 cum
1128 3829 1271 3894 omnibus
1294 3829 1442 3911 episcopis

263 3915 377 3980 nostris
399 3915 454 3978 tibi
477 3917 623 3980 dicimus:
647 3917 814 3992 Descende,
837 3917 995 3991 descende,
1017 3937 1072 4001 per
1098 3916 1202 3980 secula
1224 3914 1441 3979 damnandetu

265 4159 318 4214 COd
344 4048 462 4214 UahCod—
479 4087 695 4156 Hauuovcranus,
724 4089 997 4142 nullamviolcntiam
1023 4088 1095 4142 belli.
1137 4087 1166 4154 b)
1185 4105 1210 4156 p.
1230 4103 1251 4139 s.
1271 4085 1296 4139 d.
1321 4085 1388 4138 fehlt
1405 4083 1442 4136 im
