3617 5284
375 536 440 600 224

375 708 555 772 sotietatem
583 709 650 770 tarn
679 705 817 771 looorum
846 723 941 787 qnam
970 723 1187 788 personarum,
1220 701 1300 786 qnod
1330 705 1394 767 tres
1423 719 1553 786 persone

378 795 492 858 debent
515 792 585 874 eligi
609 811 628 856 a
648 795 738 876 parte
760 791 876 856 domini
891 791 1087 874 imperatoris
1102 793 1135 856 et
1148 793 1213 854 tres
1229 809 1264 853 er
1279 793 1367 873 parte
1383 789 1553 866 civitatum,

376 899 437 962 qne
454 897 590 962 persone,
616 878 690 942 visis
705 877 818 942 litteris
833 878 938 941 missis
954 877 993 941 ab
1009 878 1193 960 imperatore
1210 875 1387 940 oonsulibus
1403 874 1553 940 Cremone

376 968 409 1031 et
445 966 558 1028 litteris
595 983 614 1028 a
650 963 828 1028 oonsulibus
864 964 1027 1027 civitatum
1070 963 1151 1027 datis
1188 962 1366 1026 oonsulibus
1395 961 1554 1038 Cremone,

376 1051 489 1115 Ponoio
512 1051 559 1113 rel
583 1049 651 1114 aliis
674 1049 779 1126 soniis,
808 1048 846 1113 de
874 1067 950 1132 paee
980 1051 1012 1113 et
1034 1048 1195 1113 ooneordia
1216 1047 1411 1130 imperatoris
1434 1051 1466 1111 et
1488 1047 1554 1111 eius

376 1137 474 1220 partis
503 1141 534 1200 et
563 1136 727 1199 oiritaturn
761 1137 902 1198 omnium
931 1138 963 1198 et
993 1153 1100 1198 earum
1128 1133 1238 1218 partis,
1272 1133 1416 1198 detentu
1442 1133 1553 1208 iurare,

377 1223 459 1305 qnod
483 1224 563 1286 bona
584 1220 643 1285 fide
666 1225 698 1285 et
720 1221 786 1285 sine
807 1219 917 1285 fraude
940 1219 1014 1284 visis
1031 1220 1215 1304 supradietis
1230 1219 1343 1284 litteris
1360 1218 1555 1283 coneordiam

376 1307 491 1372 tament
514 1308 594 1371 inter
615 1307 833 1391 imperatorem
856 1308 888 1370 et
910 1307 976 1370 eins
998 1310 1120 1388 partem
1142 1309 1174 1368 et
1194 1305 1384 1370 lombardos
1400 1307 1554 1371 eteorum

376 1397 482 1477 partes
504 1411 605 1475 neque
628 1411 731 1456 amore
753 1411 855 1474 neque
876 1392 988 1456 timore
1010 1411 1111 1473 neque
1133 1391 1202 1456 odio
1225 1393 1274 1455 vel
1295 1391 1359 1455 ullo
1382 1391 1441 1455 alio
1463 1389 1555 1455 modo

377 1479 571 1562 permittent,
601 1474 676 1560 quin
705 1497 741 1542 ex
770 1477 934 1560 utriusque
963 1478 1075 1542 litteris
1104 1477 1306 1542 extrahentur
1328 1496 1379 1553 ea,
1407 1495 1488 1559 quae
1511 1477 1555 1540 eis

377 1565 541 1630 rideantur
563 1563 722 1647 superflua
744 1566 777 1628 et
797 1564 975 1644 inoongrua,
998 1563 1169 1646 adiungent
1190 1581 1234 1640 ea,
1261 1581 1342 1644 quae
1365 1563 1409 1627 eis
1433 1563 1556 1626 ridean-

377 1655 430 1714 tnr
451 1649 626 1714 neoessaria
648 1652 680 1714 at
702 1650 802 1732 magis
825 1649 915 1713 utilia
937 1650 969 1712 et
983 1667 1121 1731 oongrua
1135 1649 1173 1712 ad
1189 1666 1297 1732 paoem
1314 1652 1345 1712 et
1361 1648 1555 1713 eonoordiam

377 1738 458 1801 inter
480 1735 641 1800 dominnm
663 1736 883 1818 imperatorem
905 1739 938 1798 et
952 1735 1143 1800 lombardos
1166 1741 1198 1798 et
1219 1733 1361 1800 divitates
1384 1736 1416 1798 et
1430 1753 1555 1799 omnem

378 1841 469 1886 snam
496 1821 677 1886 sooietatern
705 1821 949 1885 oonfirmandam
979 1827 1011 1884 et
1041 1820 1215 1885 tenendam.
1260 1820 1302 1884 Et
1328 1820 1496 1902 imperator
1524 1823 1556 1884 et
1590 1865 1592 1868 -

379 1908 446 1972 eins
468 1908 554 1971 ouria
576 1908 609 1971 et
630 1906 772 1971 civitates
794 1909 827 1971 et
848 1925 956 1971 eorum
977 1909 1081 1989 partes
1104 1906 1218 1971 debent
1232 1905 1332 1970 faeere
1348 1906 1555 1982 securitatem,

379 1996 410 2057 in
434 1993 560 2058 arbitrio
582 1991 812 2076 praedictorum
834 2011 887 2056 sex
910 1992 1078 2057 electorum
1108 1995 1190 2056 stare
1219 1995 1263 2068 et,
1297 1992 1324 2056 si
1354 1991 1557 2056 dissenserint

381 2080 413 2142 in
436 2079 548 2160 aliquo,
578 2077 703 2142 arbitrio
731 2077 895 2142 consulum
923 2079 1061 2142 omnium
1091 2077 1260 2144 Cremonae
1291 2077 1433 2142 similiter
1465 2080 1557 2142 stare.

379 2165 421 2229 llt
441 2165 493 2228 isti
515 2183 570 2228 sex
591 2163 705 2228 debent
727 2163 869 2228 arbitrari
890 2163 1030 2246 prediota
1057 2183 1157 2245 usque
1185 2163 1224 2228 ad
1245 2164 1385 2228 medium
1406 2163 1555 2228 Madium

377 2251 418 2314 llt
439 2251 466 2314 ai
489 2250 691 2315 dissenserint
712 2251 745 2314 in
767 2250 878 2332 aliquo,
900 2253 978 2314 tune
992 2250 1133 2314 eonsules
1149 2269 1257 2314 omnes
1272 2248 1423 2314 Cremone
1442 2250 1557 2314 debent

377 2335 516 2419 prediota
546 2335 687 2399 arbitrari
716 2335 754 2399 de
782 2354 833 2412 eo,
867 2335 905 2399 de
935 2354 996 2416 quo
1026 2336 1241 2414 dissenserint,
1275 2353 1375 2418 usque
1404 2335 1442 2399 ad
1466 2335 1559 2418 quin-
1611 2396 1618 2408 ,

379 2421 478 2485 deoim
500 2421 574 2485 dies

463 2507 505 2570 Et
525 2506 694 2589 imperator
716 2507 824 2571 statim
846 2505 939 2571 debet
960 2505 1062 2572 faeere
1083 2527 1192 2591 paoem
1214 2507 1357 2572 omnibus
1380 2507 1557 2572 civitatibus

380 2597 412 2656 et
433 2611 541 2656 earum
563 2593 704 2657 societati
726 2595 830 2658 osonlo
856 2592 940 2675 pasis
967 2593 1205 2664 interveniente,
1236 2595 1267 2658 et
1293 2593 1340 2657 ita
1368 2595 1405 2658 ut
1431 2595 1557 2656 firmum

378 2681 523 2742 teneatur
552 2696 570 2741 a
599 2678 790 2756 eivitatibns,
825 2679 932 2742 deoem
965 2678 1106 2744 homines
1139 2679 1177 2744 de
1210 2697 1399 2761 unaquaque
1432 2680 1557 2744 eivitate

380 2765 493 2829 debent
514 2765 630 2839 iurare,
664 2764 746 2845 quod
767 2765 814 2828 ita
833 2765 960 2828 firmum
983 2765 1024 2828 sit
1047 2767 1078 2830 et
1099 2765 1235 2830 habeant
1256 2765 1294 2828 ab
1314 2765 1391 2849 ipsis
1413 2765 1558 2829 omnibns

378 2849 563 2915 eivitatibus.
603 2849 645 2913 Et
666 2850 725 2933 ipsi
748 2849 855 2915 deoem
869 2850 959 2928 tales,
982 2851 1090 2932 quales
1104 2851 1271 2935 imperator
1287 2851 1423 2934 elegerit,
1445 2850 1559 2916 debent

384 2955 452 3000 esse
475 2937 508 3000 et
529 2935 630 2999 faeere
651 2934 834 3000 fidelitatem
856 2935 980 3000 dondno
1002 2937 1180 3019 imperatori
1203 2942 1234 3001 et
1256 2936 1318 3001 filio
1341 2936 1407 3002 eins
1424 2935 1558 3000 Henrioo

363 3022 455 3105 ,regi
478 3021 630 3085 vassallus
652 3022 734 3086 siout
754 3022 917 3098 vassallus,
943 3021 1017 3086 aivis
1039 3023 1122 3087 siout
1144 3023 1226 3087 airis.
1259 3023 1300 3086 Et
1322 3041 1424 3087 eomes
1448 3021 1558 3086 Savoie

362 3111 412 3171 =et
440 3107 535 3171 aeteri
563 3106 718 3190 prinsipes
747 3107 941 3191 imperatoris
971 3108 1136 3172 oonoordas
1169 3107 1297 3172 luerunt
1329 3127 1401 3173 oum
1435 3108 1558 3172 domino

228 3248 263 3261 ..
382 3193 537 3275 lloilino*)
566 3195 597 3256 et
623 3211 696 3256 oum
722 3193 900 3258 oonsulibus
926 3193 1088 3258 oiritatum
1115 3195 1147 3258 et
1176 3193 1243 3258 aliis
1271 3193 1464 3277 sapientibus
1486 3193 1559 3257 oiri-

380 3281 482 3342 tatnm
503 3277 619 3341 ibidem
642 3279 854 3356 existentibus,
876 3278 959 3360 quod
982 3278 1132 3361 quidquid
1154 3277 1275 3343 iuretur
1297 3283 1352 3344 aut
1367 3279 1423 3344 fiat
1437 3298 1456 3342 a
1469 3281 1557 3362 parte

381 3363 626 3429 lombardorum
648 3367 682 3428 et
703 3364 770 3429 eins
785 3365 951 3442 satietatis,
974 3383 1037 3430 non
1052 3365 1165 3430 debent
1180 3383 1247 3430 esse
1263 3365 1393 3430 alieuius
1409 3365 1558 3430 momenti

381 3469 437 3514 neo
459 3449 574 3514 debent
594 3450 703 3515 obesse
725 3450 832 3527 aliam,
862 3450 923 3515 nisi
954 3450 1117 3515 ooneordla
1145 3455 1177 3514 et
1205 3469 1264 3534 pax
1293 3450 1376 3516 faeta
1403 3450 1499 3514 tuerit
1520 3451 1559 3514 ab

380 3537 565 3618 imperatore
587 3536 706 3600 eteius
729 3538 818 3620 parte
840 3537 984 3601 omnibns
1008 3536 1185 3601 oivitstibus
1208 3538 1240 3600 et
1261 3537 1335 3600 loois
1366 3540 1398 3602 et
1419 3537 1559 3621 personis

382 3621 538 3686 societatis
559 3621 753 3700 Lornbardie,
773 3621 921 3700 Marohie,
943 3621 1080 3700 Venetia,
1103 3622 1262 3687 Romanie.

466 3707 508 3770 Et
528 3706 582 3770 isti
604 3711 680 3771 tuno
701 3708 740 3773 de
762 3727 950 3790 unaquaque
973 3707 1097 3773 diritate
1125 3707 1307 3774 iurauerunt
1332 3709 1377 3773 ita
1400 3707 1559 3772 attendere

382 3795 415 3856 et
428 3792 554 3856 firmum
561 3795 583 3841 u
598 3794 719 3858 tenere:
743 3793 790 3858 De
805 3793 980 3859 Mediolano
995 3794 1134 3860 Ubertus
1150 3793 1188 3859 de
1203 3794 1386 3872 landriano,
1401 3793 1439 3857 de
1454 3793 1561 3857 Brixia

382 3878 526 3942 Albrious
548 3877 586 3941 de
609 3879 771 3957 Canriano,
792 3879 831 3944 de
852 3879 976 3944 Verona
997 3879 1148 3944 Vivianus
1169 3879 1406 3957 Advooatorum,
1428 3878 1467 3944 de
1489 3879 1561 3943 Pla

383 3964 484 4027 centia
506 3963 701 4043 Guilielmus,
724 3965 762 4030 de
784 3964 920 4030 Terrisio
944 3965 1135 4030 Gerardinns
1158 3965 1196 4029 da
1211 3965 1328 4050 Campo
1345 3965 1452 4031 Sanoti
1466 3965 1560 4042 Petri,

382 4050 421 4114 de
438 4049 578 4114 Vioentr’a
593 4050 699 4116 Gnaeo
720 4051 804 4116 iilius
821 4051 976 4116 Gnazonis
997 4054 1144 4134 potestas,
1166 4052 1204 4116 de
1219 4051 1373 4134 Bergamo
1388 4051 1559 4117 Ubertinns

473 4301 497 4366 *l
516 4299 621 4354 Ezzelin
645 4317 668 4354 v.
687 4299 814 4366 Romano,
842 4300 884 4354 ain
911 4300 937 4352 in
958 4246 1012 4353 (1ἕέ1
1021 4300 1098 4354 Marlr
1116 4299 1220 4354 Verona
1243 4301 1395 4369 boglitertor
1412 4301 1507 4367 lldler;
1533 4318 1561 4355 er

383 4371 438 4424 und
456 4370 564 4424 Anselm
582 4389 605 4425 v.
625 4369 737 4434 Dorera,
763 4387 811 4424 aus
829 4370 913 4424 einem
932 4370 1103 4424 Kramoneser
1122 4369 1281 4425 Geanhleolrt
1298 4373 1455 4440 stammaml,
1474 4389 1559 4425 waren

384 4441 427 4495 die
444 4441 576 4495 Reltoren
594 4442 641 4495 dea
659 4440 775 4509 Bandee,
794 4441 838 4494 die
854 4440 957 4495 Ftihror
975 4441 1021 4496 dos
1040 4440 1244 4496 Bundsslroerss.
