3617 5284
283 493 400 582 'cs

350 690 488 754 Marchio
512 690 727 772 Engelhartus,
753 689 942 777 Gadeiridus
956 690 1129 768 Palatinus,
1153 686 1227 756 Otto
1244 690 1408 754 Palatinus
1424 709 1540 766 eomes,

351 775 556 857 Beringarius
580 794 691 840 comes.

437 862 503 943 Ego
511 860 701 958 thidericus,
721 861 902 926 coloniensis
930 862 1178 946 archiepiscopus
1201 866 1233 926 et
1247 860 1535 926 archicancellarius

354 967 527 1029 recognovx

355 1144 440 1230 llll.
472 1147 619 1242 Among
654 1152 704 1238 al:
747 1144 908 1230 heinricis
938 1144 983 1230 ll.
1016 1143 1172 1230 lreibriei
1205 1144 1259 1230 tir
1295 1144 1537 1245 bellorum,

785 1263 831 1348 18.
857 1263 978 1350 ianuar
1003 1263 1127 1358 ltil.*)

354 1391 497 1459 (Bresslan,
505 1395 609 1444 eentum
618 1391 764 1461 diplomata
770 1393 796 1447 in
808 1410 884 1446 neum
896 1394 1043 1446 scholarum
1056 1393 1283 1462 diplomaticamm
1293 1392 1390 1458 Nr.80,
1401 1392 1428 1447 S.
1441 1393 1536 1458 lm.)

440 1506 472 1571 C.
494 1506 532 1569 In
554 1505 679 1569 nomine
703 1509 826 1570 sanctae
851 1509 882 1569 et
903 1509 936 1569 ct
956 1506 1133 1570 individuae
1156 1507 1315 1571 immtatis.
1369 1506 1534 1571 Heinricus

355 1592 460 1656 divina
481 1592 603 1656 favente
627 1591 791 1655 clementia
816 1611 876 1655 rex.
932 1592 1048 1674 Regiae
1077 1593 1240 1676 potestatis
1271 1595 1319 1656 est
1350 1595 1382 1656 et
1410 1592 1534 1675 pietatis

353 1677 493 1742 omnium
516 1677 658 1742 servituti
681 1677 824 1760 congruis
847 1678 1033 1761 respondere
1055 1679 1220 1756 beneficiis,
1243 1677 1387 1744 videlicet
1408 1681 1452 1755 ut,
1481 1678 1534 1760 qui

352 1765 385 1827 in
408 1763 525 1828 servitii
548 1762 709 1827 devotione
732 1782 764 1826 se
787 1763 933 1827 exhibent
954 1765 1167 1848 promptiores,
1188 1766 1221 1829 in
1237 1765 1354 1829 servitii
1370 1764 1465 1828 etiam
1487 1784 1535 1829 re-

352 1850 566 1914 muneratione
589 1869 622 1912 se
645 1848 773 1913 indicari
796 1849 950 1930 digniores
974 1850 1131 1932 gaudeant
1153 1853 1185 1915 et
1200 1849 1402 1916 sublimiores.
1447 1851 1534 1915 Inter

354 1955 431 2017 quos
454 1935 691 1999 Wormatiensis
714 1934 847 1998 civitatis
869 1935 1060 2000 habitatores
1082 1956 1144 2000 non
1166 1937 1304 2014 minima,
1326 1938 1381 2002 sed
1398 1937 1535 2001 maxima

354 2023 385 2085 et
407 2021 530 2104 speciali
553 2020 800 2084 remuneratione
823 2020 940 2103 dignae,
974 2021 1049 2104 quin
1079 2023 1222 2086 omnihus
1252 2023 1418 2088 cuiuslibet
1448 2023 1533 2086 urbis

353 2107 470 2170 civibus
496 2105 650 2188 digniores
672 2106 884 2184 iudicavimus,
908 2127 985 2188 quos
1007 2107 1038 2170 in
1061 2109 1198 2171 maxima
1218 2108 1306 2190 regni
1329 2107 1532 2174 commotione

354 2191 491 2256 maxima
519 2195 551 2255 et
580 2191 705 2274 speciah
733 2192 882 2257 iidehtate
911 2194 999 2257 nohis
1022 2193 1199 2258 adhaesisse
1220 2195 1428 2276 cognovimns,
1462 2213 1532 2258 cum

353 2297 412 2342 nec
426 2277 496 2342 riva
507 2297 565 2342 nec
580 2277 693 2341 litteris
708 2281 825 2356 notata,
840 2298 897 2343 nec
911 2298 966 2362 per
980 2299 1037 2343 nos
1051 2299 1110 2344 nec
1126 2299 1183 2363 per
1197 2279 1354 2356 nuncium,
1369 2281 1416 2345 vel
1430 2279 1536 2362 aliqua

353 2383 426 2428 voce
449 2364 519 2428 illos
541 2363 574 2428 in
596 2365 677 2428 hanc
697 2367 765 2427 tam
787 2365 944 2447 egregiam
966 2365 1149 2429 fidelitatem
1163 2367 1390 2431 attraxerimus.
1433 2365 1536 2444 Quam

353 2450 461 2514 iccirco
483 2452 549 2513 tam
573 2449 728 2532 egregiam
752 2449 893 2526 diximus,
923 2451 1004 2532 quia,
1034 2452 1153 2515 cunctis
1181 2452 1267 2533 regni
1290 2451 1480 2535 principibus
1502 2451 1534 2514 in

354 2555 409 2600 nos
432 2536 574 2618 neglecta
607 2535 680 2599 fidei
701 2535 848 2616 religione
877 2536 1074 2611 sarientibus,
1097 2537 1128 2599 hi
1154 2537 1211 2600 soli
1234 2538 1323 2618 qnasi
1345 2538 1377 2602 in
1401 2539 1533 2602 mortem

351 2624 478 2688 ruentes
500 2625 608 2684 contra
630 2621 770 2684 omnium
792 2623 986 2686 voluntatem
1007 2623 1095 2685 nohis
1119 2622 1293 2686 adhaesere.
1348 2625 1431 2687 Nam
1460 2642 1532 2687 cum

351 2705 491 2788 singulae
514 2706 655 2771 civitates
684 2707 774 2788 quasi
805 2707 900 2772 immo
931 2727 1001 2772 vere
1031 2707 1063 2770 in
1086 2711 1228 2772 nostmm
1251 2709 1420 2773 adventum
1448 2709 1532 2772 clau·

352 2791 506 2870 darentur,
530 2793 605 2857 dum
627 2793 756 2873 vigilum
779 2793 936 2857 custodiae
958 2813 1013 2877 per
1031 2794 1139 2858 vicem)
1164 2792 1432 2872 distribuerentur,
1455 2794 1531 2858 dum

350 2880 480 2943 cererebl
510 2880 542 2942 et
570 2877 650 2942 ferro
678 2879 828 2942 tutandae
858 2883 947 2943 nocte
984 2882 1015 2942 et
1048 2878 1097 2942 die
1125 2879 1431 2962 circumirentur**):
1467 2881 1533 2944 sola

351 2963 525 3028 Wormatia
556 2964 714 3028 communi
752 2964 867 3028 civium
900 2965 1003 3029 farore
1037 2965 1238 3048 omnigenum
1271 2985 1429 3030 armorum
1462 2985 1532 3030 mu·

350 3049 466 3114 uitione
477 3052 584 3114 nostro
601 3049 749 3114 adventui
764 3051 1029 3134 servabatur.***)
1061 3051 1131 3115 Sint
1145 3051 1241 3133 igitur
1256 3053 1373 3116 servitii
1388 3071 1532 3116 remune-

358 3158 367 3163 -
373 3157 511 3164 --—-—-.
533 3158 564 3162 —.

439 3213 465 3266 a)
484 3204 608 3258 Breeslau
634 3208 763 3258 vermutat
786 3205 863 3271 vicos,
888 3206 940 3258 mir
963 3205 1067 3259 echeiut
1086 3205 1181 3275 jedoch
1205 3206 1262 3260 eine
1286 3207 1433 3276 Konjelrtur
1455 3208 1545 3262 nieht-

350 3275 514 3344 notwendig;
534 3292 580 3344 per
597 3275 667 3329 vices
689 3276 762 3330 steht
777 3277 819 3329 fiir
831 3276 879 3329 dns
898 3275 1043 3330 hlassisehe
1060 3277 1088 3330 in
1108 3277 1183 3330 vices.
1220 3277 1247 3346 h)
1267 3277 1310 3331 ich
1328 3281 1446 3332 vermute
1463 3295 1530 3333 sera

441 3345 469 3408 *t
490 3345 667 3409 (liasehreoht,
687 3346 834 3400 Kaiserreit
850 3347 901 3413 111,
920 3350 981 3412 291,
1005 3347 1097 3401 dnm:
1135 3347 1202 3413 „Die
1221 3348 1333 3415 Zweiiel,
1358 3349 1401 3402 die
1426 3365 1460 3402 an
1485 3349 1532 3402 der

350 3417 477 3472 Echtheit
495 3416 541 3470 der
559 3415 686 3470 Urlnmde
703 3417 816 3471 erhaben
834 3417 903 3484 sind,
922 3417 983 3470 sind
1001 3418 1192 3486 unbegrlindet
1229 3419 1280 3473 Die
1297 3419 1466 3488 Verwirrung
1485 3421 1532 3473 der

353 3487 624 3554 Zeithestimmungen
643 3487 680 3542 ist
699 3488 743 3541 die
760 3487 940 3556 gewdhnliohe
958 3488 986 3541 in
1005 3488 1055 3542 den
1073 3489 1216 3543 Urlrundeu
1238 3490 1308 3544 'ener
1325 3489 1390 3556 Zeit,
1416 3491 1471 3544 und
1489 3491 1532 3545 die

245 3596 247 3602 .
351 3557 485 3612 Indiktion
505 3557 581 3611 waiet
599 3558 666 3612 auch
686 3559 743 3612 hier
761 3560 808 3612 aui
825 3558 873 3612 das
890 3559 1004 3628 richtige
1022 3559 1090 3613 Jahr
1107 3559 1181 3613 hin.“
1244 3560 1294 3614 ach
1312 3560 1445 3626 Breselam
1471 3562 1531 3616 dem

352 3630 443 3684 hasten
461 3627 567 3682 Kenner
586 3628 633 3682 der
652 3629 783 3683 salischen
801 3629 956 3695 Urlxunden,
975 3630 1070 3684 weicht
1087 3629 1130 3683 die
1147 3629 1269 3699 Fassung
1286 3631 1333 3685 der
1343 3631 1470 3686 Urlrunde
1482 3649 1530 3686 von

351 3700 397 3753 der
415 3703 491 3753 sonet
508 3699 632 3753 llblichen
653 3700 826 3754 haieerliehen
844 3700 1064 3771 Kanzleisprache
1083 3701 1143 3754 sehr
1161 3701 1203 3767 ab,
1224 3702 1385 3756 namentheh
1403 3703 1471 3757 fehlt
1488 3703 1531 3757 die

349 3770 532 3841 promulgatio.
571 3769 612 3837 ”l
625 3771 702 3824 Nach
715 3771 848 3836 Breeslau,
868 3771 916 3825 der
934 3789 967 3824 an
985 3787 1071 3824 cerere
1089 3772 1207 3835 laethali,
1226 3773 1275 3826 hat
1292 3773 1339 3826 der
1350 3773 1439 3842 Kbnig
1449 3790 1530 3842 engen

351 3841 458 3895 wellen:
491 3841 609 3906 „civibus
628 3841 791 3910 singularum
809 3841 956 3907 civitatum,
980 3859 1039 3895 cnm
1064 3842 1198 3896 obsidione
1223 3843 1399 3911 cingerentur,
1423 3847 1451 3897 et
1474 3861 1528 3898 rem

349 3911 548 3966 frumentariam
589 3911 760 3966 rocurandam
786 3915 815 3966 et
837 3910 927 3966 hostes
954 3913 1034 3966 armis
1061 3912 1228 3982 depellendos
1246 3913 1353 3968 iniese.“
1392 3915 1449 3982 ***)
1467 3916 1528 3969 Ani.

351 3982 412 4036 Dea.
435 3986 512 4037 1073.
574 3983 610 4051 gl.
629 3983 754 4036 lambert
772 3983 806 4036 ad
825 3999 848 4036 a.
871 3987 952 4038 1073:
971 3982 1088 4052 Cumque
1105 4000 1185 4053 prope
1202 3983 1379 4038 Wormaeiam
1397 3985 1425 4038 in
1443 3985 1529 4040 locum

349 4053 395 4122 qui
418 4053 516 4106 dicitur
541 4053 729 4122 Lorendeburg
747 4053 916 4122 (Ladenburg
933 4070 976 4107 am
994 4053 1093 4120 Nelrar)
1118 4054 1241 4121 venisset,
1265 4054 1423 4124 gravissima
1447 4057 1531 4125 aegri-

349 4123 441 4178 tudine
460 4127 604 4194 oorreptus,
623 4124 715 4178 multis
735 4124 827 4179 diebus
845 4125 914 4178 lecto
933 4124 1089 4190 decubabat,
1108 4141 1232 4207 spemque
1248 4127 1390 4179 maximam
1408 4127 1530 4180 hostibus

348 4194 403 4247 suis
421 4194 526 4260 iecerat,
546 4196 636 4248 tantos
654 4194 766 4249 irrarum
784 4197 872 4249 motus
891 4195 948 4249 sine
966 4195 1104 4267 sangannis
1121 4196 1247 4250 effusione
1264 4213 1341 4266 posse
1358 4197 1458 4251 confici.
1477 4197 1527 4251 Sed

348 4265 381 4318 ab
400 4264 555 4318 infimitate
567 4265 673 4319 vixdum
691 4266 766 4388 plene
784 4268 926 4330 recreatus,
939 4265 1115 4319 Wormaciam
1133 4266 1284 4333 festinavit;
1303 4267 1349 4320 uhi
1361 4284 1420 4320 cnm
1432 4284 1530 4336 magna

348 4351 444 4460 tta
459 4335 1528 4479 tttttttttrattati..allambettxttttttttt

347 4477 411 4532 urbe
429 4475 591 4547 expulerant,
616 4481 645 4530 et
668 4449 755 4548 ipsum
779 4477 938 4548 episcopum,
956 4449 1014 4532 ’nisi
1036 4481 1139 4531 mature
1163 4478 1227 4547 iuga
1250 4479 1341 4549 lapsus
1359 4479 1468 4534 civitate
1485 4497 1528 4534 ex·
