3617 5284
381 548 446 612 202

381 716 425 771 bic
442 719 513 784 erst,
540 719 573 771 ut
594 716 718 772 videlicet
740 716 882 771 decedente
899 715 1023 771 Pascholi
1041 716 1143 772 nullum
1161 715 1190 769 in
1207 732 1303 786 papam
1321 713 1480 784 reciperent,
1505 715 1557 770 nisi

381 805 461 842 unum
480 787 513 842 de
530 788 614 858 ipsius
632 787 794 852 fautoribus,
818 789 847 840 et
871 789 902 840 ub
925 789 1036 842 obeunte
1061 787 1217 858 imperatore
1240 786 1329 840 nullus
1352 785 1381 838 in
1404 789 1558 854 regemunt

380 857 1558 1000 assimitatus„stolidissimisrisibilitas?

380 1001 430 1054 bus
448 1000 503 1054 suis
520 999 636 1053 subditis
654 971 688 1053 et’
699 999 809 1070 prelatis
826 999 969 1067 erigerent,
988 1003 1016 1053 et
1033 999 1180 1069 quicunque
1197 1016 1249 1052 non
1266 997 1375 1065 inraret,
1394 997 1464 1052 omni
1477 998 1557 1052 eoele-

380 1071 488 1125 sisstico
505 1069 603 1124 honore
620 1073 649 1124 et
665 1069 791 1124 benolicm
808 1073 837 1124 et
854 1072 995 1141 potestate,
1020 1073 1151 1140 postremo
1169 1069 1250 1123 etium
1268 1069 1389 1122 omnibus
1406 1068 1483 1123 bonis
1501 1069 1557 1123 suis

380 1141 537 1209 privaretur.
573 1140 615 1194 lbi
642 1140 723 1195 etiam
750 1140 858 1211 quidam
884 1141 962 1196 electi
990 1141 1134 1194 consecrati
1162 1144 1226 1194 snut
1250 1139 1278 1194 in
1304 1140 1438 1210 episcopos
1462 1156 1479 1192 a
1500 1140 1557 1194 suis

379 1210 590 1266 coniuratoribus
613 1211 749 1282 episcopis,
774 1214 803 1265 ot
827 1210 873 1265 alii
890 1211 919 1265 in
937 1211 1095 1282 presbiteros
1119 1210 1200 1265 etad
1218 1210 1284 1264 alios
1302 1210 1407 1264 ordines
1432 1209 1555 1264 ordinati.

379 1282 486 1337 Electus
504 1281 694 1350 Mogontiensis
719 1282 830 1336 domnus
854 1281 1041 1348 Chuomsdus,
1068 1282 1151 1335 irater
1175 1280 1282 1337 Ottonie
1305 1281 1419 1352 palatini
1444 1279 1555 1348 comitis,

379 1354 425 1424 qui
450 1357 512 1407 ante
535 1351 713 1408 obedientiam
737 1353 836 1407 iecerat
859 1368 908 1422 per
931 1369 959 1406 se
975 1351 1125 1406 Alexandro
1150 1369 1185 1422 pa
1203 1369 1234 1406 ae
1256 1351 1318 1405 dum
1342 1352 1395 1406 iret
1412 1351 1447 1406 ad
1463 1351 1557 1405 limine

379 1423 470 1548 Βιιιῖίι·
486 1423 589 1548 thsscogi,
608 1424 679 1477 solus
696 1427 773 1478 nocte
791 1422 824 1476 de
841 1423 915 1477 cuma
932 1422 1036 1491 fugiens
1053 1423 1126 1477 uenit
1142 1423 1169 1476 in
1251 1423 1319 1476 ciam
1332 1422 1366 1476 ed
1378 1421 1555 1477 Alexandrum

378 1498 407 1548 ct
422 1495 433 1548 i
451 1494 461 1548 i
479 1511 494 1548 e
540 1497 611 1548 aat

466 1563 491 1618 A
509 1565 605 1636 pendir
623 1564 657 1618 ad
675 1563 861 1633 Rogewinum:
888 1562 968 1618 Anno
994 1564 1027 1617 sb
1052 1563 1231 1618 incarnatione
1256 1563 1363 1618 Domini
1384 1568 1451 1619 1166
1475 1565 1556 1633 (ciel)

379 1636 450 1706 apud
467 1581 638 1689 Vdirreburch
662 1635 691 1688 in
715 1637 883 1706 pentecosten
908 1635 981 1688 ouria
998 1634 1154 1702 celebratum,
1179 1635 1225 1689 ubi
1243 1634 1389 1688 coniuratio
1406 1635 1439 1689 fit
1457 1637 1490 1689 ab
1508 1635 1554 1690 im-

379 1709 502 1777 peratore
519 1709 547 1760 et
582 1706 727 1776 rincipibus
745 1705 790 1776 qui
809 1705 921 1760 aderant
938 1708 995 1759 tam
1013 1705 1138 1759 secularis
1157 1722 1235 1776 quarn
1248 1705 1435 1759 aecclesiastici
1447 1705 1556 1774 ordinis,

397 1777 451 1832 uod
461 1776 547 1830 Pasch
576 1777 598 1830 's
617 1793 719 1846 semper
735 1792 805 1847 papa
821 1776 959 1843 habeatur,
978 1779 1007 1830 et
1023 1793 1053 1830 eo
1071 1779 1174 1830 mortuo
1193 1776 1281 1830 nullus
1298 1775 1350 1829 nisi
1370 1774 1402 1830 de
1420 1792 1469 1831 sua
1480 1780 1556 1858 parte

378 1847 410 1902 s'
432 1851 507 1914 stum
526 1847 650 1901 similiter
666 1849 854 1917 postmortem
870 1846 1037 1917 imperatoris
1054 1863 1130 1902 nemo
1149 1846 1200 1900 sibi
1218 1845 1405 1913 substituatur,
1422 1847 1475 1902 nisi
1486 1863 1556 1901 rura·

378 1919 446 1972 verit
462 1935 491 1972 ss
507 1918 618 1972 eandem
636 1921 737 1989 partem
756 1917 932 1972 defensurum.
967 1917 1043 1971 Solus
1055 1916 1181 1972 Albsrtus
1193 1916 1370 1986 lbisingensis
1387 1920 1452 1972 turno
1468 1918 1555 1972 iurare

379 1988 471 2044 noluit
498 1987 569 2044 Nam
581 1988 718 2044 conradus
729 1988 898 2057 Mogentiana
916 1987 970 2042 ianr
988 1988 1020 2042 ut
1036 1986 1121 2042 hostis
1140 1988 1320 2059 preludiostus
1331 1987 1426 2043 iuerat
1457 1989 1555 2043 Eodem

378 2076 447 2113 auno
463 2059 590 2114 Alborbrs
607 2059 801 2128 Frisingonsis‚
829 2059 875 2112 diu
899 2059 1031 2123 renitens,
1059 2062 1165 2113 coactus
1188 2058 1287 2113 iurarit
1309 2058 1415 2114 obedire
1432 2059 1555 2114 Pascheli

412 2130 611 2255 beoemllnfi⁸'
634 2129 760 2200 quamdiu
785 2129 923 2200 imperium
946 2132 1049 2200 partem
1073 2129 1130 2183 eius
1148 2129 1247 2183 foveret
1264 2131 1292 2182 et
1310 2130 1435 2199 quamdiu
1454 2130 1555 2200 regalia

396 2217 413 2254 a
445 2218 474 2255 re
491 2217 522 2255 ve
542 2204 577 2255 et.
1078 2215 1082 2222 ·

464 2271 581 2326 Annales
605 2270 660 2326 Col.
685 2287 753 2325 max.
779 2269 828 2337 (la
848 2268 881 2326 G.
903 2269 950 2323 88.
975 2269 1061 2338 XVH,
1084 2272 1162 2338 779);
1189 2270 1336 2341 Imperator
1361 2271 1554 2326 celeberrimam

377 2343 477 2397 curiam
489 2342 639 2411 Wiraiburg
655 2341 684 2395 in
703 2343 871 2412 pentecosten
888 2340 991 2408 habuit,
1009 2341 1056 2396 ubi
1074 2343 1130 2396 tum
1148 2341 1204 2412 ipse
1219 2341 1363 2412 imperator
1374 2359 1453 2412 quam
1465 2359 1554 2398 omnes

378 2412 509 2484 principes
533 2413 694 2477 iurarenmt
736 2411 788 2466 uod
811 2411 934 2466 domnum
952 2411 1124 2482 apostolicum
1142 2411 1298 2467 Paschalem
1321 2429 1455 2484 nunqnam
1483 2413 1554 2469 deso-

377 2486 466 2538 rerent
482 2500 531 2538 nec
548 2483 583 2537 sd
600 2485 703 2554 partem
718 2429 853 2537 liuolsndi
870 2482 1013 2552 aliquando
1031 2481 1195 2552 transirent]

619 2658 655 2735 a)
678 2657 893 2730 rumulone·
916 2658 1075 2742 llaoii’est,
1098 2661 1130 2728 2.
1153 2659 1219 2728 luni
1241 2655 1315 2732 nso.

709 2769 791 2841 (uon.
810 2768 898 2826 eorm.
917 2771 986 2840 regg.
1005 2769 1041 2838 11,
1062 2774 1219 2835 137-1aes

461 2903 635 2970 lbidericus
671 2903 730 2969 Dei
770 2903 873 2986 gratia
908 2904 1121 2968 Romanomm
1156 2904 1325 2988 imperator
1361 2905 1394 2968 et
1429 2923 1552 2988 semper

375 2994 543 3073 augustus,
572 2990 823 3075 archiepiscopis,
852 2989 1018 3074 episcopis,
1047 2990 1225 3068 abbatibus,
1255 2989 1387 3067 clericis,
1414 2989 1552 3068 ducibus,

375 3077 613 3154 marchionibus,
634 3076 799 3142 comitibus
814 3078 847 3139 eb
861 3075 1005 3141 omnibus
1019 3075 1162 3141 fidelibus
1177 3077 1251 3154 suis,
1267 3077 1402 3140 salutem
1418 3079 1449 3140 et
1460 3096 1551 3142 omne

374 3163 501 3231 bonum.
538 3163 667 3229 Cunctis
681 3165 793 3228 notum
807 3164 856 3226 est
869 3161 1001 3246 populis,
1024 3163 1157 3244 qualiter
1172 3165 1277 3228 exorta
1292 3161 1449 3244 quondam
1471 3163 1553 3227 inter

374 3249 521 3315 ecclesiae
542 3249 702 3314 Romanae
727 3248 899 3313 cardinales
926 3247 964 3314 de
994 3248 1198 3332 apostolicatu
1229 3247 1382 3314 discordia
1408 3247 1441 3312 in
1462 3267 1551 3331 reges

375 3355 411 3400 ac
424 3353 522 3418 regna
542 3335 662 3419 impetu
684 3333 830 3419 pestifero
852 3338 900 3399 est
922 3333 1043 3400 diffusa.
1080 3334 1141 3399 Pro
1164 3353 1226 3416 qna
1248 3334 1288 3398 ad
1310 3335 1444 3418 optabile
1466 3336 1551 3418 pacis

373 3421 490 3486 bonum
516 3421 688 3486 revocanda
715 3423 848 3502 quantos
875 3423 948 3504 post
974 3421 1083 3486 beatae
1110 3420 1277 3486 memoriae
1299 3439 1397 3504 papae
1418 3420 1551 3487 Victoris

373 3507 555 3573 electionem
577 3526 613 3572 ao
634 3506 898 3572 confirmationem
920 3507 1103 3572 catholicam
1124 3506 1252 3590 Papiae,
1273 3505 1412 3584 Laudas,
1434 3507 1551 3572 Medio·

372 3592 449 3672 lani,
477 3593 601 3658 Laonae
629 3595 725 3676 atque
746 3592 779 3656 in
800 3592 929 3658 diversis
950 3591 1072 3676 imperii
1093 3593 1206 3658 finibus
1235 3593 1268 3657 in
1297 3612 1422 3676 corpore
1443 3596 1550 3659 nostro

371 3679 493 3744 labores
507 3681 574 3743 tam
587 3697 645 3745 nos
667 3697 762 3761 quam
775 3679 874 3744 incliti
884 3679 1038 3763 principes
1057 3680 1158 3744 nostri
1172 3679 1400 3764 pertulerimus,
1416 3681 1551 3760 quantas

372 3784 481 3916 llll
509 3765 715 3917 taurii
734 3764 877 3916 {illei
897 3764 1162 3916 {illiciis
1190 3765 1550 3932 sedilibus-illio

372 3957 454 4022 papa
504 3938 599 4003 ictore
628 3937 669 4003 ad
689 3935 825 4021 paradisi
847 3935 962 4019 gaudia
991 3939 1151 4021 assumpto
1189 3941 1220 4002 et
1240 3937 1273 4001 in
1296 3937 1363 4002 cius
1384 3937 1489 4001 locum
1511 3938 1550 4002 ab

373 4024 524 4108 episeopis
551 4043 587 4089 ac
609 4022 816 4089 cardinalibus
839 4023 939 4087 almae
962 4021 1044 4089 sedis
1067 4023 1252 4108 apostolicae
1274 4021 1397 4088 dommo
1419 4021 1549 4102 Pascali,

371 4109 436 4175 viro
469 4109 739 4186 christianissimo,
770 4109 804 4173 in
831 4109 1008 4192 praesentia
1034 4110 1248 4194 episcoporum
1276 4111 1308 4174 et
1335 4108 1550 4191 religiosorum

371 4195 603 4279 Longobardiae
626 4214 663 4260 ac
683 4195 822 4272 Tusciae,
844 4195 975 4260 illustris
998 4215 1121 4278 quoque
1142 4195 1291 4279 praefecti
1322 4195 1408 4259 urbis
1429 4195 1549 4262 Romae

373 4301 410 4348 ac
437 4283 610 4347 multorum
641 4281 793 4346 nobilium
814 4281 1026 4346 Romanorum
1061 4281 1212 4346 catholice
1235 4281 1413 4359 substituto,
1443 4283 1549 4366 ipsum

372 4368 467 4434 etiam
482 4367 643 4433 dominum
657 4366 821 4433 Pascalem
844 4386 883 4432 er
897 4367 1043 4433 ecclesiae
1059 4386 1095 4433 ac
1109 4367 1284 4452 principum
1298 4367 1421 4451 imperii
1434 4367 1548 4436 iudicio

371 4457 466 4538 atque
494 4453 621 4519 oonsilio
653 4453 688 4518 in
723 4472 838 4538 papam
859 4455 892 4519 et
913 4457 1035 4538 patrem
1056 4453 1245 4520 catholicum
1267 4454 1479 4540 sollempniter
1500 4475 1548 4522 re·
1652 4515 1656 4522 .
