3617 5284
1378 551 1441 619 221

263 743 319 808 per
341 725 483 788 consules
505 723 588 787 illius
611 724 759 800 civitatis,
789 743 862 788 oum
893 743 956 807 qua
986 725 1182 807 questionem
1212 726 1364 790 habuerit.
1410 727 1442 792 Si

264 825 336 873 cum
364 810 542 874 marchione
570 810 619 873 vel
649 811 761 874 comite
789 811 838 874 vel
867 811 930 874 alia
957 829 1087 893 persona
1117 811 1255 875 eiusdem
1278 813 1441 888 societatis,

263 896 424 960 uonriucta
445 896 495 959 vel
515 915 578 958 nou
600 897 767 972 nominata,
796 896 846 961 vel
868 897 935 960 loco
957 897 1187 961 contentionem
1209 898 1362 975 habuerit,
1384 899 1443 962 hoo

263 982 439 1046 declaretur
459 999 515 1064 per
536 981 679 1045 musuleo
700 982 785 1046 illius
808 981 951 1059 civitatis,
973 982 1011 1046 de
1034 983 1123 1047 cuius
1145 984 1295 1048 comitatu
1311 985 1360 1048 vel
1378 984 1441 1066 epi-

263 1070 393 1151 scopatu
414 1067 517 1131 fuerit

349 1156 379 1218 4.
401 1154 443 1216 ltt
464 1153 491 1216 si
513 1152 552 1216 do
572 1157 674 1217 cetero
697 1154 787 1218 ambe
809 1158 915 1237 partes
937 1153 1269 1236 supercrescente,
1292 1157 1324 1217 et
1339 1157 1442 1218 totum

264 1242 330 1316 hoe,
352 1238 435 1321 quod
456 1238 594 1321 praefate
616 1238 759 1304 civitates
782 1244 814 1304 et
835 1240 903 1304 loeo
925 1241 957 1304 ot
973 1240 1110 1304 marchio
1128 1244 1161 1303 ot
1175 1259 1278 1304 comm
1295 1242 1327 1304 et
1342 1243 1442 1304 cetere

263 1344 393 1408 persone
407 1325 499 1388 modo
514 1327 630 1401 tenent,
652 1327 689 1388 ut
711 1343 730 1388 a
752 1326 963 1408 suprascripto
986 1327 1124 1408 tempore
1147 1327 1324 1402 tenuerunt,
1346 1326 1441 1392 libere

264 1416 296 1474 et
317 1412 422 1492 quiete
444 1412 579 1474 teneant
622 1410 663 1473 nt
689 1412 878 1475 nominatim
908 1412 1106 1475 consulatum
1127 1430 1213 1476 moro
1235 1412 1325 1476 solito
1347 1412 1442 1476 habe-

263 1500 326 1574 ant,
348 1497 408 1561 sub
430 1515 492 1577 quo
510 1496 651 1560 homines
668 1496 819 1578 cuiusque
834 1497 969 1561 civitatis
984 1497 1033 1560 vel
1048 1497 1215 1562 comitatus
1232 1497 1270 1561 ad
1287 1498 1443 1562 iusticiam

262 1582 436 1646 faciendam
464 1600 498 1646 se
524 1581 720 1663 distringant
764 1583 806 1646 llt
838 1581 962 1646 fodrum
996 1585 1029 1646 et
1062 1582 1206 1646 ooltam⁸l
1238 1587 1379 1666 prestent
1411 1585 1443 1648 et

262 1669 367 1732 omnic
389 1669 450 1731 ulia
470 1669 587 1732 morel)
608 1667 771 1731 civitatum
792 1668 915 1731 faciant.

348 1753 609 1817 alterautra
636 1752 703 1835 ipse
732 1752 877 1818 dominus
904 1755 1073 1836 imperator
1102 1772 1209 1818 omnes
1231 1753 1442 1838 possessiones

232 1842 295 1928 ‘et
316 1839 420 1904 omnia
442 1840 512 1902 iura
533 1838 710 1902 civitatibus
733 1842 765 1901 ot
786 1838 870 1914 locis
893 1839 1139 1922 archiepiscopis,
1162 1840 1311 1923 episcopis
1334 1842 1367 1904 et
1388 1841 1442 1904 ab

263 1925 386 1988 batibus
408 1925 441 1987 et
462 1924 572 1988 ceteris
594 1923 711 1987 clericis
740 1927 865 1988 nostrae
893 1925 991 2007 partis
1019 1926 1052 1988 et
1079 1925 1250 1989 marchioni
1282 1928 1314 1989 et
1335 1925 1441 1990 comiti

263 2015 295 2072 et
316 2008 441 2073 Ruffino
464 2012 496 2073 et
518 2009 663 2072 omnibus
685 2008 753 2073 aliis
774 2011 915 2093 personis
944 2011 1115 2088 societatis,
1145 2029 1225 2092 quae
1255 2011 1441 2089 habuerunt

262 2096 391 2160 cassatis
420 2095 564 2159 omnibus
590 2094 758 2177 privilegiis
787 2099 819 2160 ct
847 2097 941 2161 cartis
970 2098 1002 2159 et
1031 2095 1113 2161 datis
1143 2099 1174 2160 et
1196 2097 1388 2161 investituris
1409 2097 1442 2159 iu

262 2182 402 2263 aliquam
432 2181 590 2245 civitatem
619 2181 668 2244 vel
696 2181 801 2246 locum
828 2200 884 2246 sou
911 2199 1076 2265 personam
1097 2181 1136 2246 de
1158 2182 1207 2246 his
1229 2182 1358 2246 collatis.
1401 2183 1444 2244 Et

261 2268 320 2331 beo
349 2268 388 2332 ab
415 2267 482 2350 ipso
512 2266 636 2332 domino
658 2267 845 2349 imperatore
866 2271 1016 2351 perpetuo
1044 2270 1219 2344 sonentur,
1249 2274 1281 2332 et
1309 2269 1439 2332 cassatis

262 2354 405 2417 omnibus
434 2352 688 2416 conventionibus
716 2359 748 2416 ct
769 2353 851 2418 datie
874 2357 907 2417 ct
928 2353 1073 2430 cartulis,
1103 2373 1183 2436 quae
1206 2353 1311 2436 aliqua
1333 2371 1442 2437 supra·
1551 2423 1553 2428 ,

262 2440 449 2523 scriptarum
471 2437 633 2502 civitatum
655 2440 705 2502 vel
726 2458 930 2522 personarum
945 2457 1001 2504 seu
1017 2439 1129 2520 ahquis
1145 2441 1231 2504 loeus
1247 2458 1319 2504 cum
1333 2439 1442 2504 eodem

261 2525 447 2608 imperatore
470 2524 518 2588 vel
541 2524 607 2588 eius
628 2525 739 2589 nuntio
760 2525 849 2602 iecit,
877 2525 938 2588 nisi
967 2525 1075 2589 civitas
1104 2525 1169 2589 ulla
1197 2526 1246 2589 vel
1268 2526 1355 2590 locus
1377 2527 1441 2590 sive

261 2630 394 2694 persona
421 2612 656 2675 conventionem
684 2611 731 2674 vel
762 2609 870 2674 datum
900 2628 957 2674 seu
989 2610 1143 2674 cartulam
1177 2615 1286 2694 sponte
1319 2630 1441 2676 servare

261 2698 403 2761 voluerit.

347 2785 376 2845 6.
397 2782 479 2846 Item
497 2781 642 2845 dominus
658 2781 826 2864 imperator
840 2782 983 2845 remittat
1004 2785 1036 2846 et
1050 2783 1210 2846 remittere
1225 2781 1319 2846 iaciat
1333 2800 1440 2846 omnes

262 2869 402 2944 offensas,
433 2867 537 2931 omnia
565 2867 731 2942 maleficia,
764 2886 826 2948 que
848 2867 955 2949 aliqua
975 2867 1186 2952 predictarum
1208 2867 1371 2932 civitatum
1392 2868 1442 2932 vel

262 2954 374 3035 aliquis
405 2953 491 3017 locus
523 2953 573 3017 vel
605 2953 743 3016 marchio
775 2953 839 3017 sive
873 2972 976 3018 comes
1010 2957 1065 3018 eut
1098 2954 1210 3036 aliquis
1241 2954 1370 3017 clericus
1392 2955 1441 3018 vel

215 3057 218 3062 ’
262 3040 359 3103 laicus
382 3057 580 3120 quocumque
602 3041 754 3120 tempore,
788 3057 986 3121 quacumque
1009 3041 1167 3104 occasione
1190 3040 1219 3103 ei
1240 3040 1290 3103 vel
1311 3039 1441 3122 imperio

261 3127 310 3188 vel
333 3125 425 3189 alicui
448 3143 504 3187 sue
526 3123 624 3206 partis
646 3123 763 3187 iecerit

348 3215 376 3273 7.
411 3210 454 3272 itt
482 3210 575 3273 liceat
603 3209 749 3292 predictis
771 3210 949 3275 unitatibus
972 3211 1004 3273 et
1024 3211 1099 3274 locis
1122 3213 1154 3274 et
1176 3211 1317 3293 personis
1338 3209 1441 3273 muni-

261 3297 362 3360 tiones
384 3295 547 3360 civitatum
576 3297 609 3358 et
629 3301 803 3359 castrorum
832 3300 864 3358 et
885 3295 995 3359 eadem
1021 3298 1124 3359 castra
1144 3295 1259 3360 habere
1282 3298 1314 3359 et
1335 3298 1440 3359 tenere

262 3385 293 3445 et
314 3382 443 3446 meliora
464 3380 565 3445 faeere
588 3385 620 3445 et
641 3399 722 3444 nova
744 3381 884 3445 edificare
908 3383 940 3444 et
961 3381 1094 3456 relicere,
1117 3380 1211 3445 salvis
1231 3380 1441 3446 conventioni-

260 3469 319 3533 bus
342 3472 375 3531 et
396 3467 566 3532 concordiis
590 3467 740 3531 Cremona
769 3469 801 3530 et
830 3467 964 3530 aliarum
992 3466 1155 3532 civitatum
1183 3469 1215 3531 et
1236 3485 1441 3550 personarum

261 3557 292 3618 et
313 3554 451 3618 locorum
471 3553 554 3617 iuter
575 3571 609 3617 se
631 3551 731 3629 facts,

348 3642 376 3702 8.
398 3644 430 3703 et
444 3638 632 3703 Alexandria
654 3639 686 3701 iu
708 3658 765 3703 suo
783 3641 878 3714 statu,
892 3638 1047 3703 restitutis
1062 3637 1309 3722 possessionibus
1325 3637 1440 3702 Oberto

261 3725 299 3788 de
321 3725 399 3789 Foro
408 3725 440 3806 *)
462 3728 494 3788 et
514 3725 580 3788 suis
602 3724 769 3788 convicinis
791 3725 943 3800 omnibus,
966 3728 1115 3807 perpetuo
1137 3727 1347 3807 permanente.

346 3812 376 3873 9.
398 3811 541 3891 Denique
569 3809 710 3874 civitates
742 3813 855 3892 petunt
887 3828 981 3893 super
1012 3809 1157 3873 omnibus
1187 3811 1221 3873 in
1253 3812 1439 3893 perpetuum

262 3895 469 3968 observandis.
492 3894 575 3976 quod
598 3895 741 3959 domiuus
764 3897 934 3979 imperator
956 3914 1029 3960 cum
1051 3895 1203 3973 omnibus,
1227 3895 1280 3977 qui
1302 3895 1334 3958 in
1353 3913 1439 3959 erer-

260 3982 325 4045 citu
347 3983 437 4056 sunt,
465 3980 583 4044 eisdem
605 3981 782 4045 civitatibus
804 3985 836 4045 et
857 3981 932 4050 locis
955 3983 987 4045 et
1007 3981 1147 4064 personis
1169 3981 1321 4045 universis
1345 3981 1440 4044 socie-

261 4067 335 4130 tatis
367 4070 435 4131 tam
469 4067 588 4131 clericis
623 4085 718 4147 quam
747 4066 835 4131 luicis
864 4067 1078 4150 plenissimam
1107 4066 1307 4131 securitatem
1338 4065 1440 4129 faciat.

349 4182 377 4321 bi
394 4180 911 4318 {olgeffmffllllocstamtggurumpodmm
938 4249 993 4304 und
1022 4249 1133 4304 Steuem
1162 4250 1244 4304 sollen
1272 4267 1322 4304 nur
1346 4251 1374 4304 in
1393 4251 1440 4305 der

261 4321 482 4376 herhbmmlichen
499 4321 587 4375 Weiss
609 4321 722 4374 erhoben
740 4321 869 4376 werdon.“
906 4319 966 4446 151,
986 4320 1061 4374 indes
1079 4320 1141 4376 Art.
1160 4327 1176 4374 t
1195 4321 1241 4375 der
1258 4320 1385 4375 Urkunde
1403 4321 1437 4376 dl

350 4395 375 4461 *l
393 4393 454 4462 vgl.
473 4391 574 4458 bichor,
602 4390 709 4445 Forscb.
727 4391 778 4458 ΠΙ,
805 4396 858 4445 438
876 4392 894 4445 f.
956 4409 1005 4446 .v.
1024 4390 1090 4445 Foro
1119 4409 1174 4444 war
1197 4391 1240 4445 ein
1263 4393 1440 4460 angesehener

261 4464 469 4530 alessandrincr,
482 4463 575 4517 deasen
587 4461 764 4530 Besitaungen
776 4479 835 4516 vom
847 4461 942 4515 Kaisar
955 4461 1112 4531 eiugezogen
1124 4461 1229 4516 worden
1241 4463 1296 4517 sein
1309 4467 1437 4518 mumten.

1211 4535 1271 4598 lt*
