3617 5284
379 563 400 623 4

378 729 477 783 cionem
486 732 514 782 et
523 729 604 782 futuri
618 728 687 797 regis
697 728 880 782 emulationem
894 731 1057 782 sacramento
1070 745 1126 783 ase
1137 731 1266 784 removere
1277 728 1388 784 volebat.
1459 729 1558 782 uisitare

377 817 439 869 ergo
452 800 505 854 dux
516 799 673 868 Fridericus,
691 803 781 854 utrum
792 801 848 871 ipse
859 816 963 870 quoque
974 799 1044 853 sicut
1054 803 1082 853 et
1093 801 1172 854 ceteri
1191 800 1232 854 ad
1251 800 1367 853 totins
1385 817 1444 854 ecc
1467 801 1563 854 esiae

379 871 541 941 regnique
558 870 722 924 honorem
740 873 772 924 et
788 871 925 924 liberae
942 870 1563 941 electioniscommendacionemper·

377 946 514 1012 petuam
532 941 603 995 idem
621 940 690 1011 quod
716 941 795 995 ceteri
818 943 935 995 fecerant
958 941 1043 995 facere
1067 942 1160 1007 vellet,
1188 942 1245 995 sine
1269 940 1377 995 consilio
1400 957 1508 995 suorum
1532 942 1561 994 in

379 1013 473 1066 castris
495 1012 644 1066 relictorum
668 1029 695 1065 se
719 1013 873 1082 respondere
898 1029 946 1065 nec
964 1012 1030 1065 velle
1047 1029 1095 1065 nec
1112 1029 1188 1082 posse
1207 1012 1332 1077 assenrit3
1350 1015 1379 1065 et
1396 1013 1460 1082 qnia
1477 1013 1514 1065 ad
1532 1029 1560 1065 ee

379 1083 548 1136 exultandum
571 1083 719 1153 principum
739 1084 838 1137 animos
861 1099 1027 1153 nequaquam
1049 1083 1186 1136 unanimes
1203 1099 1390 1152 usquequaque
1418 1083 1558 1153 persensit,

379 1153 516 1208 consilium
535 1170 611 1207 suum
630 1156 657 1206 et
675 1158 808 1224 aspectum
827 1154 915 1207 curiae
932 1155 987 1207 ism
1004 1153 1097 1207 exinde
1115 1154 1256 1208 subtraxit.

468 1229 494 1280 4.
511 1224 637 1278 videntes
656 1241 717 1290 ergo
735 1225 864 1295 principes
883 1229 988 1278 tantam
1007 1224 1081 1278 dircis
1099 1225 1270 1278 ambicionem
1289 1226 1398 1293 tamque
1415 1224 1559 1278 violentam

399 1296 456 1348 nasi
469 1295 574 1348 debitae
587 1295 638 1348 sibi
651 1296 791 1364 potestatis
802 1296 971 1360 exactionem,
990 1311 1069 1364 quam
1082 1299 1144 1348 ante
1156 1295 1369 1349 sublimationem
1389 1292 1453 1348 adeo
1471 1294 1558 1348 efferri

379 1313 559 1490 {emanarique
587 1366 726 1488 vfflebant'
754 1383 787 1420 ne
803 1366 995 1490 tiuaid⁰q⁸spi
1020 1365 1371 1489 preficeretur·lqrnanimiter
1393 1365 1559 1489 lqetellqbqnt.

402 1453 431 1490 os
458 1453 489 1489 ra
516 1453 575 1489 vero
632 1452 721 1490 econ
787 1454 933 1490 asrnr
976 1454 985 1489 1
1019 1453 1064 1490 um
1107 1453 1267 1502 nncrrus,
1294 1452 1469 1489 cumaesse
1524 1452 1560 1489 ux

379 1505 528 1560 Fridericus
553 1509 581 1560 et
604 1523 662 1560 cum
682 1454 786 1560 echini}
801 1507 968 1574 Bawarious,
987 1453 1134 1576 1i'hquiaihit
1180 1508 1321 1576 ogoutinus
1340 1505 1558 1577 acchiepiscopus,

381 1581 471 1630 utrum
484 1581 593 1647 uterque
606 1577 798 1632 nominatorum
810 1579 838 1632 in
851 1578 977 1632 electione
995 1577 1142 1659 principum
1161 1578 1207 1647 qui
1225 1578 1344 1643 aderant,
1363 1577 1479 1630 refutata
1497 1593 1514 1630 a
1531 1594 1560 1630 se

381 1647 561 1716 designatione
572 1647 709 1718 premissa,
729 1648 891 1702 concorditer
903 1652 932 1702 et
948 1649 1061 1716 benrgne
1078 1665 1108 1702 rn
1126 1647 1249 1716 eligenda
1266 1664 1430 1718 quacumque
1449 1664 1560 1718 persona

379 1719 525 1788 principum
553 1719 683 1772 voluntati
708 1719 806 1772 vellent
830 1719 937 1788 prebere
954 1735 1115 1772 consensum.
1152 1717 1228 1784 Quod
1251 1718 1388 1772 humiliter
1413 1721 1441 1771 et
1467 1718 1560 1772 devote

380 1789 458 1842 simul
467 1790 560 1859 utique
573 1789 727 1856 laudabant,
747 1793 775 1844 et
789 1791 863 1860 quasi
878 1807 930 1843 uon
946 1790 1058 1859 amplius
1072 1789 1233 1843 sollicitandi
1245 1789 1293 1843 sed
1311 1789 1344 1842 de
1362 1789 1414 1842 alio
1435 1789 1558 1860 quopiam

379 1860 498 1928 eligendo
518 1859 632 1927 solliciti,
652 1861 731 1914 simul
748 1861 777 1914 in
795 1878 848 1914 una
866 1860 928 1915 sede
946 1860 1123 1914 considebant.
1152 1860 1265 1913 Proinde
1283 1876 1351 1924 cum,
1370 1859 1486 1913 dimissis
1504 1860 1558 1913 iam

380 1931 575 2001 prenominatis,
589 1931 719 2002 principes
731 1932 934 1986 admonerentur
944 1935 975 1984 ut
987 1932 1176 1984 communicate
1195 1931 1303 1984 consilio
1323 1931 1446 1998 diligenti
1457 1931 1559 1984 ratione

413 2017 518 2054 rsonam
537 2004 686 2071 quererent,
712 2019 791 2072 quam
810 2002 953 2056 secrmdum
971 2002 1057 2074 Deum
1075 2005 1102 2054 et
1121 2002 1245 2055 honorem
1263 2001 1388 2054 ecclesiae
1405 2017 1485 2070 regno
1502 2018 1560 2071 pre-

380 2019 502 2139 hherent,
529 2071 616 2125 subito
642 2073 750 2126 alaicis
769 2073 1000 2144 quampluribus:
1022 2071 1163 2126 lotharius
1181 2086 1225 2125 rex
1244 2073 1292 2125 sit!
1319 2071 1416 2124 clamor
1433 2072 1557 2126 exoritur.

379 2143 520 2196 lotharius
533 2143 642 2213 rapitur,
661 2143 803 2197 Lotharius
815 2144 932 2198 humeris
944 2143 1095 2214 imponitur,
1114 2146 1142 2196 et
1153 2143 1233 2210 regiis
1251 2142 1375 2196 laudibus
1394 2142 1509 2196 renitens
1528 2160 1560 2196 ac

380 2215 525 2268 reclamans
543 2214 684 2268 extollitur.

472 2289 496 2338 5.
515 2284 649 2354 Principes
661 2302 720 2338 vero
733 2303 811 2355 quam
824 2285 931 2355 plurimi
942 2284 1106 2354 maximeque
1116 2284 1267 2338 Bauaricae
1279 2283 1426 2353 provinciae
1443 2284 1559 2366 episcopi

382 2372 436 2409 rem
449 2357 552 2408 tantam
565 2355 711 2409 inconsulte
728 2357 795 2410 etin
813 2359 903 2411 etuose
921 2356 1019 2408 iactam
1037 2355 1216 2420 abhorrentes,
1234 2357 1308 2408 etse
1327 2354 1360 2409 de
1379 2353 1485 2407 sedibus
1503 2371 1560 2408 sura

383 2426 551 2496 perturbatos
570 2426 660 2480 debita
678 2443 737 2481 eum
754 2427 782 2480 in
801 2427 937 2494 ignahone
955 2428 1157 2495 conquerentes,
1182 2427 1215 2479 ab
1234 2425 1294 2479 aliis
1312 2425 1375 2478 irati
1394 2424 1513 2478 secedere
1531 2431 1560 2479 et

380 2513 486 2567 prorsus
499 2513 516 2549 a
528 2496 601 2550 curia
612 2497 707 2550 iniecto
724 2499 828 2566 negotio
846 2498 966 2552 recedere
984 2497 1122 2566 parabant.
1154 2495 1323 2565 Mogontinus
1341 2512 1401 2549 vero
1419 2512 1478 2550 oum
1498 2495 1559 2550 aliia

380 2567 537 2638 quibusdam
546 2567 707 2648 principibus
717 2568 840 2634 hostirun,
852 2586 885 2622 ne
898 2568 958 2639 quis
967 2567 1133 2636 egrederetur
1143 2566 1183 2621 vel
1195 2567 1383 2636 ingrederetur,
1396 2566 1527 2620 observari
1535 2572 1557 2621 Ι)

379 2637 507 2762 precepi&
533 2637 593 2719 istm
620 2655 807 2720 regenrusuum
831 2639 937 2723 deintus
961 2637 1138 2721 concrepando
1163 2637 1419 2703 circumferentibus,
1442 2637 1497 2718 illis
1523 2635 1558 2690 ad

390 2709 484 2762 audem
511 2724 581 2776 regrs
608 2725 685 2778 quem
713 2711 872 2778 ignorabant
898 2710 993 2764 deforrs
1020 2726 1080 2763 cum
1109 2726 1210 2763 summo
1243 2709 1355 2762 clamore
1382 2707 1557 2761 currentibus.

379 2779 495 2834 Tandem
513 2795 572 2832 eum
590 2781 736 2850 principum
755 2781 883 2835 dissensio
901 2781 955 2834 ism
973 2783 1086 2850 eiusque
1104 2779 1255 2850 procederet
1272 2783 1304 2833 ut
1320 2782 1349 2832 et
1364 2778 1506 2832 lotharius
1524 2778 1558 2832 de

380 2849 848 3046 usmuululluuluuffi
861 2848 1557 2992 {izuiliimeduimuteuilulu

380 2991 482 3046 consilii
493 2990 622 3061 principes
628 2994 771 3048 tumultum
816 3010 859 3046 um
869 2994 912 3046 vix
921 2991 1029 3046 tandem
1037 3009 1099 3046 roce
1107 3008 1238 3062 manuque
1247 2991 1369 3045 sedantes
1379 2989 1513 3043 universos
1522 2989 1558 3043 ad

380 3063 455 3117 sedes
465 3077 526 3116 suas
539 3063 726 3134 consiliumque
739 3065 823 3118 redire
833 3065 1001 3134 perfecerant.
1021 3063 1073 3116 Hic
1083 3063 1193 3116 domnus
1202 3061 1344 3116 cardinalia
1353 3062 1442 3128 gratia
1450 3060 1558 3114 Domini

380 3133 807 3260 ruentiruenti
820 3133 1295 3260 ussuriludufflll‘uluu
1306 3131 1559 3257 tinniit

381 3275 473 3330 doctos
485 3245 533 3329 a’ua
545 3223 726 3330 informationi
737 3277 898 3343 reducerent,
917 3276 1033 3357 predam,
1052 3220 1156 3356 straghh
1163 3279 1196 3356 ¹et
1204 3245 1326 3356 incendia
1344 3276 1373 3326 et
1390 3289 1559 3343 quaecunque

382 3347 453 3400 mals
470 3344 603 3416 perhanc
621 3345 804 3402 discessionem
823 3347 987 3413 suboritura,
1012 3362 1078 3416 rpers
1102 3349 1233 3416 ascnpsrt.
1270 3345 1343 3398 Data
1361 3343 1466 3398 demum
1484 3360 1558 3414 opor·

381 3418 496 3471 tunitate
513 3415 636 3485 loquendi
649 3416 847 3487 salzburgensis
860 3416 1095 3488 archiepiscopus*)
1108 3432 1167 3469 cum
1179 3415 1299 3486 episcopo
1310 3415 1497 3485 Ratisponensi
1510 3430 1557 3484 pro

382 3505 410 3542 se
428 3487 569 3541 ethonore
587 3488 662 3556 regni
680 3489 862 3542 honestissime
881 3488 1053 3553 disserentes,
1076 3485 1111 3539 ad
1129 3487 1292 3541 concordiam
1310 3488 1400 3556 partes
1418 3485 1560 3539 bansierre

382 3559 547 3622 laborabant,
575 3562 602 3611 et
626 3558 682 3612 sine
700 3560 765 3614 duce
783 3559 918 3613 Bawarico
937 3559 982 3629 qui
1001 3557 1095 3611 aberat
1111 3557 1193 3610 nichil
1212 3557 1323 3625 derogo
1342 3573 1369 3610 se
1388 3555 1502 3609 diffinire
1521 3555 1560 3608 di·

382 3629 486 3683 cebant.
523 3627 646 3682 Preterea
671 3629 703 3684 de
720 3630 870 3684 inconsulta
887 3632 1022 3700 raptorum
1040 3628 1218 3695 vehementia,
1241 3631 1298 3682 tam
1316 3627 1368 3680 sibi
1386 3643 1465 3696 quam
1482 3629 1559 3696 rapto

382 3716 428 3782 pro
441 3699 588 3752 maiestatis
601 3699 697 3754 honore
711 3718 762 3755 non
776 3701 894 3754 indebite
910 3699 1074 3782 gramssima,
1093 3697 1210 3780 debitam
1226 3697 1414 3780 acprimatibus
1425 3697 1559 3779 iusticiam

382 3770 545 3894 indul.
563 3768 765 3920 iridem
772 3774 1063 3912 implicitun.
1079 3767 1560 3920 ‘lietduinuudlulli

471 3915 495 3966 6.
522 3909 615 3965 heuto
637 3912 720 3981 igitur
744 3913 808 3967 duce
826 3913 975 3979 Bawsrico,
999 3911 1053 3964 iarn
1076 3910 1162 3964 sancti
1180 3910 1295 3981 Spiritus
1319 3912 1409 3979 gratra
1427 3909 1461 3963 ed
1478 3925 1560 3963 unum

470 4118 496 4186 a)
515 4117 565 4170 Per
583 4117 713 4170 vermutet
731 4114 855 4169 obserari.

472 4189 495 4259 *)
515 4187 579 4240 Vita
602 4185 735 4241 Chunradi
754 4185 849 4239 Salisb.
869 4183 917 4253 rui.
943 4182 975 4238 G.
1002 4183 1029 4238 8.
1048 4183 1074 4238 S.
1092 4181 1144 4249 XI,
1171 4183 1231 4248 76):
1256 4180 1310 4235 Ubi
1327 4197 1373 4234 rex
1399 4179 1560 4233 constitutus

382 4263 424 4314 eat
449 4257 590 4313 Isthmius
615 4257 667 4310 dux
691 4255 829 4323 Saxonum,
848 4255 991 4308 multum
1017 4271 1074 4324 pro
1101 4269 1139 4307 eo
1165 4252 1350 4306 laborante
1377 4249 1561 4305 Chunrado

382 4329 651 4399 archiepiscopo,
678 4327 758 4398 quia
782 4326 815 4380 in
839 4325 1003 4380 scismate
1025 4323 1188 4378 fideliter
1213 4322 1399 4377 adheserat
1417 4324 1561 4375 sanctae

383 4401 553 4456 Romanae
579 4397 759 4463 ecclesias,
783 4413 855 4450 cum
872 4394 909 4449 in
930 4394 1146 4449 Fridericum
1170 4393 1288 4447 ducem
1305 4391 1445 4446 Sueviae
1473 4392 1562 4445 ceci·

380 4472 516 4525 dissent
540 4472 618 4593 tqlqtu
639 4469 711 4522 lere
736 4466 879 4522 omnium
901 4466 1107 4537 principum.
1143 4464 1198 4517 Der
1215 4463 1325 4517 Bischot
1345 4480 1369 4518 v.
1387 4461 1561 4531 Remmburg

380 4539 539 4596 istHartni
574 4581 581 4593 .
1252 4543 1256 4548 ·
