3617 5284
1398 557 1460 619 291

282 723 394 780 tenuem
412 727 532 792 respectu
550 723 636 780 nostri
653 723 755 778 anitii
771 724 801 779 in
812 723 930 796 prasenti
948 724 1104 780 differatis.“
1143 723 1195 789 Qui
1212 725 1311 780 iaciens
1328 726 1403 780 iuxta

284 794 406 848 titionem
432 811 536 861 eorum,
563 794 699 860 moesus,
725 797 754 848 st
778 811 837 850 cum
861 794 890 850 in
914 795 1031 866 proximo
1055 811 1114 848 eum
1136 797 1359 851 excommunicare
1376 815 1407 852 ιι
1428 801 1463 864 ιι,

281 867 375 990 mg·
383 868 523 935 preventus
542 864 701 920 seutentiam
720 865 840 933 distulit,
863 865 953 936 sicque
976 866 1119 936 imperator
1136 865 1329 921 maledictionis
1348 867 1463 922 iaculum

281 1076 315 1161 b)
336 1078 509 1149 8ιΙιιιιιιιι
532 1078 724 1148 Ειιιιιιιιιι
739 1078 937 1147 motuum
965 1095 1025 1147 von
1049 1080 1236 1165 aspectum
1266 1083 1325 1149 und
1355 1082 1465 1150 saluar

589 1164 779 1248 somnusue
802 1182 842 1233 ιι
865 1166 964 1250 rapu
987 1165 1089 1234 Ιιιιιιι
1113 1166 1155 1233 ΙΙΙ.

509 1265 653 1336 (ludewig,
671 1267 809 1338 Reliquiae
827 1266 1008 1338 Diplomotum
1025 1265 1061 1334 11,
1080 1267 1240 1336 llo-449.)

366 1367 547 1432 Reverendo
569 1371 601 1432 et
621 1367 791 1433 venerabili
811 1368 844 1433 iu
867 1367 991 1434 Christo
1012 1368 1093 1452 patri
1123 1386 1159 1432 ao
1180 1367 1304 1432 domiuo
1326 1367 1462 1448 Urbano,

281 1458 475 1520 sacrosancte
498 1457 531 1518 et
552 1453 735 1518 universalis
759 1454 886 1518 ecclesie
900 1473 1023 1518 summo
1044 1453 1189 1538 pontifici,
1209 1453 1463 1536 W(ichmannus)

281 1539 339 1640 Dei
369 1539 470 1622 gratia
503 1541 609 1638 sancte
638 1540 916 1639 Magdeburgeuais
948 1541 1074 1638 ecclesie
1108 1540 1355 1638 archiepiscopus
1390 1559 1461 1606 cum

280 1625 1085 1808 ttititatnlulelllt,illitati
1108 1625 1343 1776 ,lilim
1365 1625 1461 1777 deuii

281 1799 387 1862 sancte
409 1797 559 1863 catholice
581 1798 709 1862 ecclesie
723 1799 881 1881 pastorem
904 1801 936 1862 et
956 1803 1078 1882 patrem
1094 1797 1313 1879 dignissimum
1335 1797 1373 1862 de
1389 1799 1459 1863 alti-

280 1882 398 1947 tudinis
427 1901 483 1948 sue
512 1882 640 1948 consilio
668 1902 723 1948 vos
745 1882 928 1966 providerit,
958 1883 1094 1948 universi
1116 1887 1148 1948 et
1170 1882 1298 1965 singuli,
1327 1902 1461 1966 quorum

280 1987 337 2052 par
359 1967 488 2033 affectus
511 1972 543 2032 ιι
565 1969 673 2033 eadem
695 1971 769 2033 vota
791 1969 1002 2046 dinoscuntur,
1024 1972 1151 2052 paterne
1175 1969 1334 2034 sanctitati
1356 1972 1459 2036 vestre

281 2074 353 2120 cum
374 2054 461 2118 filiali
488 2054 663 2119 reverentia
690 2057 777 2120 tauto
806 2055 947 2120 devotius
977 2055 1183 2138 assurgimus,
1214 2057 1330 2136 quanto
1353 2074 1461 2120 amau—

281 2140 436 2206 tissimam
468 2140 690 2223 paternitatem
722 2143 860 2205 vestram
892 2141 925 2204 in
958 2140 1024 2206 Deo
1056 2144 1145 2225 patre
1178 2140 1301 2205 sincera
1331 2140 1460 2206 caritate

281 2225 440 2308 diligimus
463 2228 494 2290 et
515 2226 585 2291 iura
606 2227 807 2291 ecclesiarum
828 2226 992 2310 prudentie
1015 2230 1117 2292 vestre
1139 2225 1326 2310 perfectione
1348 2245 1460 2290 manu-

280 2313 379 2376 teneri
409 2316 441 2376 et
468 2312 676 2395 tranquilliori
702 2312 736 2376 in
764 2311 829 2376 dies
858 2331 934 2396 pace
960 2312 1056 2377 foveri
1086 2331 1257 2396 speramns.
1299 2313 1376 2376 Inde
1404 2315 1459 2391 est,
1501 2362 1507 2372 .

281 2398 364 2480 quod
386 2399 493 2462 babitu
513 2397 672 2462 hincinde
687 2398 930 2464 consideratione
952 2401 1020 2463 tam
1035 2397 1213 2475 devotionis,
1235 2417 1330 2480 qnam
1353 2401 1459 2464 sancta

282 2485 420 2548 Romane
449 2484 577 2549 ecclesie
606 2487 639 2549 et
664 2490 766 2549 vestre
794 2485 975 2568 paternitati
998 2489 1155 2561 tenemur,
1183 2503 1279 2567 quam
1300 2484 1458 2549 fidelitatis

280 2573 313 2634 ιι
334 2570 501 2652 singularis
524 2569 712 2648 dilectionis,
741 2589 804 2652 qua
832 2570 955 2636 domino
981 2571 1160 2654 imperatori
1188 2572 1220 2634 et
1247 2569 1376 2653 imperio
1403 2589 1458 2654 per
1565 2625 1569 2636 .

280 2657 511 2720 sacramentum
533 2656 769 2738 obstringimur,
798 2675 891 2739 super
913 2656 1077 2735 discordia,
1104 2676 1165 2739 que
1187 2656 1269 2720 inter
1291 2655 1457 2740 imperium

280 2744 312 2806 ct
345 2742 507 2806 ecclesiam
539 2742 689 2807 morbosis
722 2741 804 2826 cepit
831 2741 987 2808 radicibus
1014 2743 1181 2826 pullulare,
1213 2741 1332 2806 intimis
1356 2741 1458 2806 anime

279 2827 448 2894 uisceribus
463 2829 694 2903 conturbamur,
715 2848 778 2893 nou
792 2828 949 2894 immerito
965 2829 1113 2905 dolentes,
1136 2829 1267 2894 duorum
1284 2827 1458 2910 gladiorum

279 2913 361 2978 acics
390 2915 422 2978 in
445 2913 611 2980 adversum
632 2913 750 2989 collidi,
781 2933 916 2996 quorum
943 2915 1076 2990 mutuis,
1105 2921 1141 2978 ut
1170 2913 1307 2989 deceret,
1335 2914 1457 2978 auxiliis

279 3001 479 3065 ecclesiarum
500 3000 577 3083 paci,
599 2999 730 3064 iusticiis
752 2999 873 3084 imperii
897 3005 929 3064 et
950 3000 1046 3065 totius
1069 3001 1150 3065 orbis
1173 2999 1382 3064 commoditati
1408 3018 1457 3063 uc·

279 3087 417 3150 curatius
438 3084 542 3150 fuerat
562 3085 794 3169 prouidendum.

366 3171 589 3237 serenissimus
626 3173 740 3255 quippe
776 3172 920 3237 dominus
956 3173 1062 3236 noster
1093 3171 1274 3254 imperator,
1314 3170 1457 3255 princeps

279 3257 565 3334 christianissimus,
587 3258 742 3322 celebrata
755 3258 922 3338 novissime
941 3257 1092 3341 solempni
1107 3257 1200 3334 curia,
1222 3257 1311 3321 uobis
1333 3257 1458 3322 ceteris·

279 3362 340 3425 qus
369 3343 490 3426 imperii
519 3344 726 3428 principibus,
757 3345 824 3408 tam
853 3343 971 3408 clericis
1001 3361 1097 3425 quam
1125 3342 1223 3419 laicis,
1257 3344 1457 3426 magnatibus

279 3448 402 3512 quoque
431 3431 464 3494 et
490 3429 642 3494 universis
670 3429 824 3494 nobilibus
852 3427 1014 3513 proposuit
1046 3431 1079 3493 ιι
1105 3429 1240 3511 graviter
1267 3431 1457 3512 conquestus

278 3518 335 3592 est,
358 3515 440 3597 quod
462 3516 495 3579 in
516 3515 585 3599 ipsa
606 3515 777 3581 dilectionis
799 3514 921 3592 fiducia,
944 3534 1038 3597 quam
1061 3533 1136 3596 erga
1149 3533 1313 3598 personam
1336 3516 1402 3580 eius
1426 3518 1457 3580 et

278 3601 444 3685 imperium
476 3621 530 3666 vos
563 3601 677 3666 habere
705 3600 879 3666 confidebat
911 3620 1069 3684 quemque
1097 3601 1163 3684 ipsc
1191 3620 1265 3682 erga
1291 3619 1456 3685 personam

278 3691 415 3751 vestram
443 3690 475 3752 et
501 3690 643 3752 sanctam
664 3689 840 3752 Rommam
868 3687 1031 3753 ecclesiam
1060 3691 1242 3770 conceperat
1269 3686 1456 3764 firmissime,

278 3791 350 3836 cum
378 3773 625 3837 illustrissimum
654 3773 755 3838 filium
784 3792 878 3837 suurn
899 3774 1113 3838 Romanorum
1140 3791 1248 3855 regem
1276 3777 1455 3855 augustum,

279 3876 373 3939 quem
394 3862 546 3941 tanquam
567 3859 695 3923 unicum
716 3859 818 3940 diligit
839 3859 954 3937 filium,
985 3858 1075 3941 quasi
1101 3857 1134 3922 in
1163 3859 1289 3940 signum
1311 3877 1456 3923 consum—

277 3948 362 4008 mate
389 3944 452 4008 iam
480 3945 573 4027 pacis,
602 3945 792 4026 quibuslibet
821 3945 995 4029 expositum
1021 3944 1166 4030 periculis
1193 3962 1249 4029 pro
1278 3943 1455 4009 defensioue

280 4048 316 4093 ac
336 4030 479 4094 libertate
502 4030 629 4094 ecclesie
650 4031 799 4106 Romane,
823 4033 943 4112 quanta
964 4031 1067 4115 potuit
1087 4029 1250 4095 velocitate
1271 4029 1455 4106 transmisit,

276 4115 455 4180 inimicitias
484 4121 516 4180 ιι
541 4117 723 4198 manamine
752 4116 900 4181 adversus
930 4136 1016 4194 eum,
1047 4115 1130 4199 quod
1159 4116 1197 4179 de
1225 4117 1329 4180 vestra
1358 4115 1455 4182 michi

277 4202 465 4284 paternitate
486 4201 614 4266 minime
636 4201 832 4279 credidisset,
861 4203 1031 4268 studiosius
1055 4201 1268 4278 exercueritis,
1297 4201 1378 4265 sicut
1413 4201 1454 4266 iu

277 4285 383 4351 facto
399 4287 736 4365 Cremonensium,
753 4307 841 4370 quos,
856 4307 928 4353 cum
944 4291 1095 4371 tanquam
1110 4287 1254 4353 bannitus
1270 4288 1302 4350 et
1315 4287 1454 4372 publicos

277 4377 353 4437 tunc
374 4372 480 4437 hostes
502 4373 624 4456 imperii
645 4376 784 4438 vestrm
804 4374 951 4440 decuerat
977 4374 1184 4440 reverentiam
1206 4373 1337 4449 evitare,
1363 4372 1454 4438 iami-

276 4459 395 4522 liaritcr
431 4458 630 4540 collegetitis,
669 4459 859 4525 dehortando
898 4460 1059 4526 universas
1098 4459 1240 4525 civitates
1271 4457 1375 4523 Ytalie
1414 4459 1453 4524 ab

1225 4545 1285 4612 19*
