3617 5284
376 441 416 506 18

433 699 439 710 ‚
462 612 550 691 Quod
574 613 612 676 de
634 612 720 676 omni
741 612 878 690 eeclesia
902 631 1098 694 quocumque
1121 612 1260 688 voluerit,
1282 611 1428 675 olerioum
1449 611 1553 675 valeat

375 699 551 863 ordinarueffl
574 785 612 848 ab
634 785 686 848 illo
709 784 869 847 ordinatus
893 784 944 847 alii
961 784 1107 847 ecelesiae
1121 784 1266 867 praeesse
1288 787 1399 866 potest,
1421 783 1551 847 sednon

375 871 510 934 militare
522 893 533 966 ;Ι
553 873 584 934 et
606 870 688 952 quod
712 870 750 933 ab
773 870 877 951 aliquo
900 869 1041 953 episeopo
1071 889 1132 934 nou
1155 869 1247 933 debet
1269 870 1461 953 superiorem
1483 887 1553 951 gra-

373 957 449 1020 dum
459 975 660 1140 ᾇιθιᾟθῐῐιῗιᾙα
681 1042 818 1124 synodus
850 1042 967 1122 absque
988 1044 1153 1125 praecepto
1187 1041 1254 1106 eius
1276 1041 1368 1106 debet
1400 1040 1553 1122 generalis

374 1147 549 1291 reseram
573 1211 696 1274 nullum
718 1212 891 1295 capitulum
913 1213 1082 1294 nullusque
1103 1213 1181 1276 liber
1203 1213 1370 1277 canonieus
1401 1213 1554 1276 habeatur

375 1299 491 1380 absque
515 1299 597 1360 iliius
621 1298 813 1361 auctoritate.

460 1383 550 1462 Quod
573 1384 729 1446 sententia
750 1383 833 1447 illius
856 1385 982 1448 anullo
1005 1384 1116 1448 debeat
1136 1384 1307 1460 retraetari,
1341 1387 1373 1448 et
1399 1384 1466 1467 ipse
1489 1403 1554 1447 om·
1661 1436 1665 1441 .

373 1470 459 1534 nium
484 1470 568 1534 solus
591 1471 759 1533 retractare
781 1469 922 1552 possit*)

462 1554 550 1633 Quod
576 1555 738 1618 anemiue
759 1555 826 1637 ipse
849 1555 977 1618 iudicari
1001 1555 1120 1618 debeat.

460 1639 550 1718 Quod
583 1641 688 1704 nullus
711 1640 825 1704 audeat
859 1641 1064 1705 eandemnare
1098 1642 1299 1725 apostolicam
1331 1641 1437 1704 sedem
1471 1640 1556 1723 apel-

375 1728 550 1890 lantfflgiuod
572 1811 705 1876 maiores
727 1831 838 1876 oeusae
861 1813 1084 1893 ouiusoumque
1113 1813 1260 1877 eoelesiee
1288 1812 1327 1876 ad
1351 1831 1421 1876 eam
1448 1811 1554 1876 referri

377 1897 551 2061 debeffiod
573 1983 719 2047 Romane
741 1971 871 2047 eoelesia
893 2002 1067 2064 numquam
1090 1985 1205 2048 erravit
1225 1986 1283 2049 ne'e
1303 1984 1336 2048 in
1359 1987 1554 2068 perpetuum,

379 2069 533 2152 scriptura
554 2071 699 2144 testante,
721 2069 843 2133 errabit.

462 2153 551 2232 Quod
574 2154 735 2217 Romanus
757 2155 902 2238 pontifex,
927 2155 952 2220 si
975 2156 1119 2219 eanonioe
1135 2155 1229 2220 fuerit
1244 2156 1413 2232 ordinatus,
1435 2155 1555 2219 meritis

379 2240 460 2304 beati
484 2240 570 2303 Petri
592 2240 804 2304 indubitanter
826 2241 959 2305 edicitur
974 2246 1111 2318 sanetus,
1133 2245 1270 2306 testante
1293 2246 1399 2306 saneto
1414 2241 1555 2305 Ennodio

378 2326 524 2410 Pepiensi
542 2325 746 2410 episeopo**),
770 2327 796 2388 ei
817 2327 927 2390 multis
946 2327 1061 2390 sanetis
1072 2328 1214 2410 patribus
1225 2327 1409 2403 faventibus,
1432 2327 1555 2391 sioutin

377 2411 508 2475 decretis
530 2411 613 2475 beati
637 2411 783 2493 Symaohi
806 2431 904 2495 papae
927 2413 1186 2496 eontinetm.***)

466 2496 556 2575 Quod
578 2497 662 2560 illius
685 2501 847 2581 praesepto
871 2503 902 2562 ot
925 2499 1050 2562 lieentia
1071 2499 1217 2563 subiectis
1240 2499 1331 2563 liceat
1353 2517 1507 2563 eoousare.

464 2582 554 2680 Quod
577 2583 693 2664 absque
717 2583 858 2664 synodali
881 2587 1034 2648 oonveutu
1056 2585 1155 2668 possit
1177 2585 1335 2669 episeopos
1351 2585 1503 2669 deponere
1526 2587 1557 2647 et

379 2669 745 2851 recollioifflrarireoatholious
767 2773 829 2818 non
851 2754 1012 2832 habeatur,
1045 2757 1098 2838 qui
1121 2776 1183 2821 non
1212 2755 1376 2820 eoncordat
1397 2757 1556 2820 Romanae

381 2841 558 3004 emleffid
581 2944 600 2988 a
621 2925 769 2989 fidelitate
792 2926 970 3007 iniquorum
992 2927 1147 2992 subiectos
1168 2931 1272 3011 potest
1294 2928 1460 2992 absolvere.

564 3268 623 3355 vd.
649 3269 814 3356 Sobroibor
842 3273 978 3376 trogus
1002 3273 1061 3359 td.
1087 3296 1126 3360 ar
1154 3273 1297 3395 deiuriob
1321 3274 1381 3372 d,

775 3415 801 3455 e.
821 3401 848 3455 8.
867 3401 1028 3457 Denember
1046 3403 1161 3470 1075.†)

599 3497 689 3567 (Greg.
710 3499 769 3554 VII.
789 3501 854 3569 Reg.
874 3502 924 3567 ΙΠ,
944 3503 991 3556 Nr.
1015 3507 1063 3569 ¹03
1081 3502 1150 3556 Jaffd
1167 3503 1204 3570 11,
1225 3505 1323 3571 218ff.)

467 3610 634 3691 Gregorius
658 3614 820 3698 episeopus
843 3635 951 3679 serius
974 3636 1134 3681 servorum
1152 3618 1209 3681 Dei
1231 3615 1366 3682 Henrioo
1388 3620 1453 3700 regi
1477 3621 1559 3683 salu-

381 3699 446 3759 tem
469 3698 500 3758 et
522 3699 722 3780 apostolicam
745 3700 998 3778 benedictionem,
1031 3704 1058 3766 si
1079 3706 1186 3768 tamen
1209 3703 1394 3786 apostolieae
1416 3705 1490 3781 sedi,
1523 3709 1560 3768 ut

381 3781 587 3846 obiistianum
609 3784 698 3849 deoet
719 3804 832 3868 regem,
856 3787 1032 3852 oboedierit

471 3955 564 4024 *)Vgl.
582 3955 729 4023 Greg.VlI.
752 3955 818 4024 Reg.
829 3956 850 4022 Ι,
874 3956 922 4010 Nr.
941 3961 975 4011 60
994 3957 1074 4026 (Jaffe
1088 3957 1124 4023 Π,
1144 3959 1202 4029 ibi:
1221 3959 1366 4030 apostoliea
1382 3959 1489 4027 iudicia,
1508 3978 1560 4015 non

382 4025 439 4078 dieo
458 4027 517 4086 tibi,
545 4026 592 4080 sed
613 4043 660 4078 neo
682 4027 729 4078 ulli
773 4027 964 4080 atriercharum
994 4032 1042 4082 aut
1067 4030 1209 4099 primatum
1237 4030 1400 4085 retractandi
1426 4032 1559 4085 lieentiem

381 4096 435 4149 fore
453 4096 593 4150 existimes.
632 4097 742 4165 ”thL
786 4098 874 4150 nnodii
893 4097 960 4168 Opp.
979 4098 1021 4152 ed.
1039 4099 1194 4154 Sirmondus
1211 4119 1236 4172 p.
1255 4105 1316 4155 324.
1354 4102 1410 4170 m)
1428 4102 1559 4156 Deoretel.

379 4166 571 4221 Pseudoisidor.
590 4166 630 4220 ed.
650 4167 794 4220 Hineobius
812 4185 836 4236 p.
857 4173 917 4224 675.

469 4237 495 4303 t)
513 4237 603 4291 Anm.
641 4236 709 4292 June
729 4238 827 4292 detiert
845 4243 870 4292 8.
883 4239 985 4292 Jenuar
1005 4243 1081 4296 1076.
1109 4241 1186 4295 Neeb
1198 4240 1282 4309 bron,
1301 4241 1428 4296 Heinrich
1440 4241 1487 4297 IV.
1506 4242 1560 4296 und

382 4306 438 4360 sein
456 4307 582 4361 Zeitalter
601 4307 636 4374 II,
658 4313 689 4363 71
701 4309 719 4362 f.
738 4309 775 4362 ist
793 4307 840 4361 dor
858 4309 934 4362 Brief
948 4309 975 4362 in
995 4309 1042 4364 der
1059 4314 1147 4366 ersten
1164 4311 1257 4366 Helm
1274 4313 1321 4367 dee
1332 4313 1475 4367 Derember
1493 4317 1562 4368 1075

382 4377 560 4446 gesobriebeu,
579 4377 796 4432 wahrsoheinlich
815 4395 857 4432 em
878 4383 903 4434 8.
923 4379 1074 4437 Dezomber.
