3617 5284
1372 542 1435 606 223

259 711 393 766 venientes
410 710 502 764 habito
520 711 726 766 lombardorum
743 711 853 765 consilio
872 711 918 765 diu
937 727 996 764 cum
1015 710 1172 781 imperatore
1189 710 1262 782 pacis
1280 711 1437 782 colloquium

258 781 415 864 habperunt.
442 779 493 836 Sed
511 798 571 836 cum
589 798 673 864 neque
690 781 837 864 cardinales
856 798 940 862 neque
953 781 1093 835 lombardi
1112 780 1226 864 aliquem
1237 781 1352 864 fructum
1365 782 1437 864 pacis

258 853 292 906 ab
310 855 466 934 imperatore
482 869 607 934 consequi
624 855 786 922 potrussent,
811 851 959 906 cardinales
977 855 1006 906 et
1022 852 1163 906 Lombardr
1190 851 1294 906 iniectis
1321 853 1436 933 negotia

258 922 292 976 ad
310 922 647 1075 prfflalgdllorllllrlenses
664 994 791 1047 Maximi:
809 993 880 1047 Ante
897 993 1030 1063 pascalem
1048 992 1272 1063 sollempnitatem
1291 992 1436 1048 coniuratio

257 1064 366 1188 gaudis
390 1080 560 1134 peromnem
580 1063 789 1132 longobardiam
816 1066 910 1118 watra
936 1065 1121 1134 imperatorem
1148 1066 1177 1117 et
1201 1080 1261 1118 suos
1289 1064 1360 1118 laeta
1387 1068 1436 1120 est.

295 1134 441 1188 admatisi
489 1152 522 1189 ue
533 1133 642 1201 viribus,
661 1134 878 1200 Mediolanenses,
896 1134 1067 1200 Veronenses,
1086 1133 1269 1200 Novariensss,
1288 1135 1437 1188 Brixienses

258 1205 370 1258 aliarum
388 1205 452 1258 uel
494 1205 533 1259 'ae
551 1205 656 1259 urbium
679 1204 769 1276 populi
793 1204 974 1258 incredibilem
992 1204 1136 1260 conduxere
1155 1205 1311 1272 exercitum,
1336 1205 1437 1260 indicte

257 1275 326 1356 bello
344 1222 449 1346 prlblieo
466 1275 503 1330 im
536 1275 618 1329 reteri
636 1275 663 1328 in
682 1276 782 1346 campis
800 1275 982 1330 Alexandriae.
1011 1273 1077 1357 'Quo
1103 1275 1221 1344 cognito,
1248 1275 1391 1347 imperator
1407 1276 1436 1330 in

257 1363 316 1416 rpsa
333 1345 452 1417 paschali
471 1363 500 1399 so
522 1346 665 1416 empuitate
680 1346 763 1417 primo
782 1345 897 1400 diluculo
910 1347 943 1399 ab
962 1345 1097 1400 obs1drone
1108 1345 1283 1400 Alexandriae
1300 1346 1431 1414 recedens,

257 1433 318 1470 cum
342 1417 463 1471 omnibus
485 1416 567 1486 copiis
593 1417 631 1470 eis
656 1417 758 1471 obviam
783 1433 842 1470 eum
864 1416 968 1486 ingenti
987 1415 1154 1470 animositate
1172 1415 1300 1486 processit
1317 1420 1345 1471 et
1361 1417 1434 1471 intra

257 1488 334 1542 unius
358 1487 475 1556 sagittae
501 1487 600 1541 iactum
626 1486 702 1541 iuxta
728 1487 843 1542 tenoris
869 1487 986 1541 bostium
1014 1489 1102 1540 castra
1128 1487 1225 1556 posuit.
1261 1486 1368 1542 Terruit
1385 1487 1434 1541 hoc

256 1557 449 1626 longobardos,
468 1558 564 1628 quibus
582 1574 684 1628 semper
702 1561 825 1628 suspecta
842 1561 901 1612 erat
918 1557 1002 1612 virtus
1020 1555 1248 1611 Tbsutouicorum.
1277 1556 1334 1611 Nec
1352 1574 1434 1624 mora,

257 1631 354 1700 quarta
370 1628 436 1683 teria
535 1645 550 1682 s
569 1628 679 1697 signiter
697 1628 810 1695 illorum,
828 1629 987 1681 ammonitus
1006 1644 1022 1680 a
1040 1627 1102 1694 lilio,
1121 1627 1206 1697 quiin
1228 1631 1304 1698 parte
1316 1628 1436 1683 Caesaris

257 1699 400 1766 militabat,
419 1716 449 1752 co
470 1698 577 1769 equium
594 1701 718 1770 expetens
736 1699 850 1770 episcopi
862 1697 1024 1753 coloniensis
1042 1700 1070 1752 et
1105 1697 1261 1752 uorumdam
1279 1699 1435 1769 principum,

255 1769 305 1824 boc
322 1770 431 1824 consilio
449 1772 477 1823 et
494 1785 620 1840 persuasu
639 1785 686 1823 suo
703 1770 799 1836 effecit,
817 1769 887 1839 quod
905 1785 995 1822 omnes
1007 1715 1173 1837 longolrardi
1191 1769 1276 1838 magis
1295 1785 1384 1852 param
1404 1787 1435 1824 ac

255 1841 460 1965 {dreit
475 1839 717 1964 idimffll
733 1839 1058 1981 “effldltssiirliffi'
1076 1839 1436 1965 „fflfflletzt

255 1981 418 2051 postulabat,
435 1980 521 2034 nudos
538 1981 567 2034 in
585 1980 728 2034 cervicibus
746 1981 850 2050 gladios
868 1952 1030 2050 portam,
1051 1983 1060 2050 t
1087 1981 1154 2034 isser
1171 1979 1436 2050 Untarwerlungsalrt

257 2051 322 2106 wird
340 2051 471 2120 bestatigt
488 2051 571 2105 durch
584 2051 626 2105 dic
638 2051 753 2106 Armales
765 2052 794 2105 Μ
830 2051 1015 2119 deburgensea,
1033 2049 1116 2104 durch
1129 2049 1194 2105 Otto
1206 2068 1255 2105 von
1269 2051 1308 2106 St.
1319 2051 1434 2120 Blasisn,

257 2121 390 2177 Gottiried
408 2140 431 2177 r.
450 2121 560 2176 Viterbo
577 2139 603 2176 u.
622 2121 774 2178 Tolosanus.
834 2122 871 2189 gl
896 2121 963 2174 auch
989 2121 1083 2186 Boset)
1119 2121 1247 2176 Certatim
1272 2138 1375 2192 quoque
1400 2122 1435 2176 ad

255 2193 440 2334 pnppmtorsm
457 2195 599 2259 eumentes
617 2193 713 2247 vexilla
730 2196 884 2275 cunctarum
903 2193 1008 2274 urbium
1026 2191 1077 2273 ipsi
1089 2191 1297 2259 resignaverunt,
1316 2193 1362 2246 alii
1376 2210 1434 2247 vcro

255 2262 606 2389 wiltuim&
617 2263 1433 2415 strictitateeteltttffiltlt‘ttttt

256 2406 397 2459 terminum
415 2405 481 2458 Maii
499 2405 597 2459 mensis
615 2421 706 2475 paoem
724 2404 844 2458 indulsit.
881 2402 983 2469 Quibus
995 2406 1087 2470 gestia
1106 2407 1208 2474 partam
1226 2403 1342 2458 militum
1361 2421 1434 2476 repa·

254 2476 337 2530 triers
397 2475 485 2530 rmiait
502 2475 644 2545 (bestitigt
662 2474 746 2528 durcb
764 2475 806 2529 die
824 2473 1116 2543 Zeugsuverasicbnissa
1135 2475 1182 2528 der
1199 2473 1343 2529 Urlrunden
1359 2474 1434 2544 jener

257 2546 323 2613 Zeit,
373 2547 469 2600 clrera.
488 2562 513 2600 a.
525 2544 557 2600 0.
576 2545 604 2600 S.
616 2549 677 2600 320.
695 2546 757 2614 Vgl.
776 2545 844 2600 auch
862 2544 966 2610 Boset,
985 2544 1191 2614 opulentioribus
1209 2561 1297 2598 secum
1314 2547 1432 2601 manus.

254 2617 311 2670 Nec
328 2617 411 2671 multo
428 2619 490 2687 post
507 2615 681 2684 longobardi,
705 2617 853 2687 penitentes
872 2631 919 2686 pro
973 2615 1138 2682 exandnnm,
1163 2615 1318 2685 imperatori
1336 2615 1434 2672 denun-

254 2687 397 2754 ciaverunt,
416 2703 445 2742 se
462 2686 568 2741 omuino
585 2690 778 2741 sacramentum
796 2685 858 2740 tidei
876 2686 1028 2751 violaturos,
1052 2685 1104 2739 uisi
1122 2684 1383 2741 Alexandrinos
1401 2687 1434 2741 in

254 2758 452 2813 conditione
475 2757 576 2811 illius
623 2758 698 2811 acis
721 2760 903 2811 consortes
926 2756 1080 2812 baberet.
1117 2755 1259 2826 (Robertne
1279 2756 1311 2810 ds
1329 2757 1433 2812 Monte:

254 2827 408 2883 Tractatum
431 2829 483 2883 luit
505 2829 538 2882 de
561 2827 727 2881 reormanda
753 2843 819 2910 pace
842 2828 912 2880 inter
937 2825 1061 2880 domuum
1084 2843 1178 2897 papam
1203 2830 1232 2881 et
1254 2827 1263 2881 i
1283 2844 1354 2890 sum;
1386 2829 1432 2882 sed

254 2898 290 2952 im
323 2904 397 2954 rator
414 2899 500 2953 uoluit
517 2898 683 2968 adquiescere
702 2915 761 2969 paci
780 2900 897 2951 stante
915 2895 1143 2964 Alexandria,
1167 2914 1247 2967 quam
1302 2898 1431 2966 agobardi

254 2987 289 3023 no
298 2974 395 3024 uerunt
403 2970 562 3024 subvertere.
586 2968 745 3023 Tolosauus:
764 2968 868 3037 Singuli
885 2984 948 3036 ergo
967 2967 1056 3049 pepuli
1075 2967 1109 3020 ad
1127 2968 1233 3039 propria
1244 2969 1341 3023 reverei
1354 2973 1431 3036 aunt;

255 3039 303 3094 sed
319 3045 459 3111 postquam
477 3039 670 3106 intellexerunt,
689 3040 824 3093 civitatem
836 3037 1025 3093 Alexandriam
1037 3037 1130 3092 debere
1148 3039 1248 3093 desmui
1268 3042 1297 3094 st
1313 3039 1351 3094 eis
1364 3040 1432 3094 alias

255 3127 378 3165 onerosas
395 3111 558 3166 conditiones
575 3110 716 3176 observari,
735 3109 864 3180 quidquid
882 3111 996 3163 rectores
1014 3107 1140 3176 fecerunt,
1200 3110 1274 3164 nitus
1293 3109 1433 3177 violanmt,

254 3181 431 3235 instrumenta
449 3180 521 3250 pacis
540 3183 656 3234 muorem
675 3179 838 3234 continentia
855 3179 1002 3234 incidentes
1025 3179 1052 3233 iu
1070 3179 1164 3234 frusta.
1213 3179 1260 3234 Set
1276 3181 1433 3251 imperatore

255 3251 283 3304 id
311 3255 463 3318 reeusarrts,
491 3251 587 3304 itanrm
613 3267 684 3304 more
711 3267 759 3304 suo
784 3249 952 3318 longobardi
980 3249 1055 3303 ledus
1082 3250 1195 3321 pedurio
1222 3251 1334 3305 solumt
1376 3251 1434 3318 Qua

255 3322 411 3376 necessitate
428 3321 525 3377 &esar
542 3321 679 3391 impulsus,
698 3338 745 3392 per
762 3337 838 3376 ornus
854 3321 1046 3374 Theutouieum
1064 3337 1174 3388 ragnum
1193 3321 1300 3375 directis
1318 3323 1431 3390 nunciis,

255 3409 349 3447 norum
366 3393 507 3448 exercitum
526 3391 637 3446 adunari
655 3409 730 3462 prece
749 3392 779 3447 it
811 3423 841 3432 -
869 3391 1005 3446 Romumd
1030 3391 1099 3444 least
1119 3395 1185 3447 1177
1209 3407 1240 3444 uu
1259 3391 1370 3446 Ferrara
1388 3393 1431 3447 dio

254 3463 419 3518 lombarden
438 3464 498 3518 dem
515 3463 614 3533 Paprte
630 3469 732 3532 gegend
767 3463 930 3516 rerlrltren:
959 3461 1036 3532 „Ipse
1053 3461 1217 3532 (imperator)
1243 3479 1355 3534 namquo
1373 3481 1434 3534 seps

253 3535 329 3589 nobis
410 3553 438 3589 m
456 3534 512 3588 sine
530 3533 641 3588 eeclesia
657 3534 765 3601 obtulit,
784 3549 832 3586 nee
849 3531 1008 3602 recepimus;
1034 3532 1199 3586 concordiam
1224 3533 1357 3588 nobiscum
1377 3535 1433 3589 sins

254 3607 328 3659 vobis
357 3623 430 3660 aecra
447 3605 540 3671 veluit,
558 3622 606 3658 nec
625 3603 796 3671 admisimus,
815 3603 901 3672 magis
919 3601 990 3656 euim
1008 3601 1126 3656 volumus
1143 3619 1264 3672 guerram
1283 3603 1355 3658 illius
1373 3622 1432 3659 cum

254 3676 363 3730 ecclesie
381 3677 484 3731 unitate
501 3676 648 3742 incurrere,
674 3692 753 3745 quam
771 3691 861 3746 pacem
880 3675 937 3727 eiua
956 3689 1014 3726 cum
1033 3673 1140 3727 ecclesie
1158 3673 1285 3728 divisione
1303 3679 1432 3742 servare,“

254 3747 308 3799 rrnd
327 3763 358 3799 nu
376 3747 509 3815 Venedig:
529 3744 603 3812 „Qus
620 3763 650 3799 eo
669 3747 785 3816 tempore
803 3745 934 3815 completa
952 3743 1054 3811 fuisset,
1073 3744 1139 3798 nisi
1158 3744 1233 3814 quia
1251 3745 1292 3798 im
1299 3749 1433 3815 perator

254 3817 397 3870 volebat
414 3834 474 3872 nos
493 3818 532 3870 ab
551 3817 703 3871 ecclesis
720 3817 861 3872 unitate
877 3815 1038 3870 recedere
1058 3819 1086 3868 et
1104 3815 1245 3869 Alexandri
1263 3833 1331 3886 pape
1348 3818 1433 3886 ponti·

253 3886 341 3941 licium
361 3888 527 3957 denegaret]

714 4029 750 4105 a)
772 4029 973 4113 romonae.

588 4153 669 4223 (bion.
688 4152 776 4209 Genu.
794 4155 863 4224 legg.
881 4154 919 4222 11,
940 4158 1096 4216 tre-147.)

339 4270 376 4334 In
397 4269 523 4334 nomine
536 4267 671 4333 Domini.
703 4267 787 4332 Talis
809 4267 971 4333 eoncordia
992 4267 1075 4332 laeta
1097 4269 1145 4332 est
1166 4269 1247 4332 inter
1269 4267 1429 4333 dominum

253 4356 451 4420 lbedericum
476 4353 535 4418 Dei
563 4355 664 4436 gratia
691 4354 904 4419 Romanorum
932 4354 1151 4436 imperatorem
1180 4357 1212 4418 et
1240 4354 1431 4419 Lombardoa

253 4445 285 4508 et
310 4441 508 4507 Murebianos
536 4442 569 4503 et
596 4439 732 4506 Venetos
764 4442 858 4522 atique
890 4439 1076 4505 Romaniam
1102 4442 1135 4504 et
1166 4459 1290 4506 omnem
1323 4459 1431 4506 eorum
