3617 5284
658 701 755 788 lllllll.
782 701 939 805 lacllmg
963 724 1003 786 m
1028 628 1173 787 11111111
1198 700 1248 786 ΙΙΙ.

452 831 508 884 Das
527 830 669 885 Schreiben
687 847 722 885 sn
740 831 782 885 die
794 831 956 898 Bemberger
967 829 1064 884 Kirche
1082 829 1141 897 (Nr.
1156 830 1229 894 IIIn)
1248 830 1317 883 lieet
1334 847 1362 883 es
1381 830 1548 897 uweiielhnft‚

364 901 396 954 ob
416 901 535 956 Clemens
554 901 638 955 durch
655 901 792 956 fo'rmliche
809 901 890 954 Wshl
909 901 972 953 oder
990 900 1073 953 durch
1092 900 1241 969 lrdnigliche
1258 900 1420 969 Emennung
1443 901 1551 970 (eligere

364 972 412 1024 het
439 971 507 1025 such
532 971 603 1026 diese
621 972 789 1040 Bedeuhmg)
812 973 859 1025 auf
879 971 930 1024 den
954 970 1119 1041 ptpstlichen
1138 971 1217 1025 Stuhl
1241 971 1356 1024 erhohen
1378 971 1483 1026 worden
1502 972 1546 1025 ist

363 1042 464 1096 Jedoch
483 1042 530 1096 der
547 1042 622 1096 Briel
645 1043 690 1096 des
708 1043 829 1097 Bischofs
846 1042 928 1096 Wszo
952 1058 1001 1095 von
1018 1041 1127 1095 Liittich
1146 1059 1180 1095 an
1198 1041 1325 1096 Heinrich
1344 1042 1394 1096 ΠΙ.
1414 1047 1446 1108 (s.
1466 1041 1550 1096 Gesta

364 1113 543 1183 episcoporum
569 1113 752 1168 leodiensium
779 1113 850 1168 Mon.
880 1111 967 1168 Germ.
993 1111 1019 1166 S.
1047 1111 1073 1166 S.
1097 1113 1158 1178 VH,
1187 1116 1237 1166 189
1255 1112 1294 1182 ff.)
1322 1112 1414 1166 macht
1441 1112 1483 1166 die
1501 1112 1548 1166 Er·

363 1200 488 1251 nennung
506 1183 589 1237 durch
615 1185 666 1238 den
684 1184 772 1252 Kdnig
793 1200 839 1238 zur
858 1181 1023 1237 Gewissheit
1059 1182 1129 1236 Dort
1150 1182 1236 1236 heisst
1259 1200 1287 1236 es
1312 1183 1382 1237 also:
1411 1183 1551 1251 Recogitet

363 1254 490 1308 serenitas
519 1258 614 1320 vestra,
644 1271 677 1308 ne
704 1255 772 1308 forte
797 1253 893 1307 summi
920 1251 1052 1324 pontificis
1080 1253 1155 1308 sedes
1183 1253 1296 1323 depositi
1325 1269 1341 1306 s
1368 1253 1464 1323 quibus
1495 1271 1547 1307 non

365 1324 482 1394 oportuit
508 1324 560 1395 ipsi
589 1325 717 1378 divinitus
744 1325 782 1379 sit
808 1328 949 1390 reservate,
977 1329 1094 1390 cumis,
1122 1340 1199 1394 quem
1226 1324 1281 1377 ries
1308 1324 1365 1376 eius
1391 1323 1550 1377 ordinari

363 1395 419 1448 ius
429 1395 545 1461 sistis,
565 1395 703 1449 defunctus
715 1395 825 1450 cessisse
837 1395 959 1449 videatur
969 1394 1054 1448 sidem
1072 1394 1159 1447 adhuc
1176 1393 1323 1464 superstiti.
1343 1426 1375 1434 -
1396 1394 1422 1448 S.
1433 1394 1549 1448 dardber

366 1465 493 1532 Martem,
511 1465 553 1519 die
564 1465 713 1535 Beeetznng
731 1466 777 1520 des
813 1466 960 1536 dpstlichen
972 1463 1065 1518 Stuhls
1082 1468 1161 1519 nnter
1172 1465 1223 1518 den
1233 1465 1346 1518 Ksisern
1357 1464 1487 1519 Heinrich
1494 1465 1547 1520 III.

366 1535 420 1590 und
429 1535 557 1590 Heinrich
566 1536 612 1590 IV.
626 1537 651 1591 S.
664 1541 782 1603 10-12;
795 1483 858 1590 ider
876 1536 936 1590 sind
956 1536 1023 1589 such
1042 1535 1084 1589 die
1096 1535 1225 1590 Stimmen
1243 1535 1290 1589 der
1308 1535 1546 1604 zeitgendssischcn

367 1606 511 1677 Scriptores
530 1607 680 1676 sngefiihrt,
700 1607 796 1661 welche
814 1607 909 1660 Wezes
927 1606 1002 1660 Brief
1019 1606 1177 1674 bestitigen.

638 1759 751 1848 Petrus
777 1761 916 1848 laniari
943 1761 1022 1847 iter
1046 1760 1191 1847 heinrich
1217 1760 1268 1846 ΙΙΙ.

368 1905 408 1972 [Ρ.
433 1905 567 1987 Drmiam,
590 1903 684 1987 Opusc.
712 1905 758 1959 v1.
787 1905 888 1974 (Liber,
924 1904 970 1974 qui
994 1905 1143 1987 appellshrr
1174 1902 1359 1963 (iratissimus)
1382 1922 1406 1958 c.
1431 1910 1480 1971 363
1507 1904 1551 1958 hei

502 1973 629 2042 Caietam,
648 1976 676 2028 P.
696 1975 820 2030 Demieni
839 1973 926 2046 Opere
944 1973 1048 2040 Omma,
1066 1976 1143 2028 Psns
1163 1979 1239 2041 1743,
1258 1974 1309 2040 ΠΙ,
1328 1975 1411 2044 68.]*)

452 2103 618 2169 Praetereo
651 2104 727 2168 dum
759 2103 942 2168 venerahilis
967 2103 1124 2187 Papae**)
1158 2105 1246 2186 geste
1272 2102 1445 2181 recelimus,
1476 2123 1550 2168 con·

366 2193 532 2273 sequenter
554 2190 632 2254 ratio
649 2190 766 2267 suadet
789 2193 825 2253 ut
846 2189 885 2252 ad
900 2189 1156 2253 considerandum
1178 2207 1302 2270 quoque
1325 2190 1431 2272 magni
1453 2189 1547 2254 huius

366 2275 502 2340 Heinrici
529 2276 623 2358 Regis
651 2275 773 2358 insigne
800 2275 998 2359 praeconium
1027 2275 1166 2338 animum
1196 2274 1429 2340 transferemus.
1472 2275 1549 2340 Post

366 2361 469 2425 Deum
498 2361 614 2426 scilieet
641 2361 706 2444 ipse
736 2380 792 2425 nos
823 2379 858 2425 ex
886 2361 1068 2424 insatiabilis
1094 2379 1146 2424 ore
1169 2359 1310 2425 droconis
1333 2360 1454 2445 eripuit,
1482 2361 1550 2445 ipse

370 2446 560 2512 simoniacae
587 2449 751 2512 haereseos
780 2449 817 2510 ut
842 2465 950 2510 revera
976 2445 1156 2529 multiplicis
1182 2445 1289 2510 hidree
1319 2447 1423 2510 omnia
1449 2448 1552 2531 capita

369 2532 489 2596 divinae
504 2533 627 2597 virtutis
642 2551 788 2596 mucrone
804 2532 967 2596 truncavit.
1000 2532 1061 2611 Qui
1076 2531 1220 2597 videlicet
1234 2531 1274 2596 sd
1288 2531 1403 2596 Christi
1419 2532 1549 2615 gloriam

368 2637 431 2682 non
458 2618 612 2684 immerito
633 2621 736 2701 potest
759 2617 875 2682 dicere:
907 2616 1068 2699 Quotquot
1095 2620 1167 2681 ente
1194 2637 1245 2682 me
1273 2622 1434 2695 venerunt,
1463 2617 1548 2683 iures

370 2703 505 2782 fuerunt
528 2707 560 2767 et
581 2705 724 2768 latrones.
768 2704 851 2767 Nem
880 2722 980 2785 osque
1010 2703 1048 2766 sd
1078 2703 1127 2767 sui
1148 2706 1273 2786 tempus
1293 2702 1421 2788 Imperii
1443 2702 1550 2769 Socer-

370 2790 479 2854 dotum
500 2789 648 2854 falsitas·l
671 2789 878 2873 inexplebiles
908 2791 944 2852 ut
970 2789 1016 2852 ita
1037 2788 1142 2865 fatear,
1172 2789 1350 2854 Bsbilonico
1372 2789 1441 2854 Beli
1462 2810 1551 2874 pree-

370 2876 463 2940 bebet
483 2875 655 2958 impensas:
678 2879 711 2939 et
732 2879 898 2959 postquam
921 2875 971 2938 hic
992 2877 1117 2939 auctore
1132 2874 1206 2952 Deo,
1228 2878 1394 2958 petemum
1416 2876 1550 2941 obtinuit

369 2961 590 3045 Principalem,
618 2961 790 3026 draconteis
819 2980 890 3025 mox
918 2960 1059 3025 faucibus
1088 2960 1181 3025 offam
1208 2961 1278 3045 pius
1307 2961 1420 3039 iniecit,
1449 2963 1553 3027 etsie

369 3047 538 3110 immanem
561 3046 700 3124 bestiam,
724 3047 813 3129 quasi
834 3046 944 3111 Daniel
972 3047 1050 3111 alter
1072 3046 1207 3110 extinxit
1251 3046 1312 3111 Per
1340 3048 1440 3130 picem
1462 3067 1552 3112 nem·

372 3151 440 3215 qne,
468 3151 547 3214 quae
571 3131 659 3196 ardet
681 3136 713 3196 et
734 3132 866 3214 stringit
894 3152 957 3197 non
978 3133 1132 3196 immerito
1160 3134 1264 3216 potest
1291 3151 1377 3197 emor
1401 3135 1550 3218 pecuniae

371 3217 533 3299 designari.
578 3216 639 3297 Qui
666 3217 808 3282 videlicet
830 3217 873 3282 sic
892 3217 926 3281 in
949 3219 1068 3283 camino
1091 3217 1174 3282 sveri
1194 3218 1326 3302 pectoris
1349 3222 1488 3297 aestuat,
1514 3223 1552 3284 ut

372 3304 410 3368 ah
433 3303 656 3387 impendendae
678 3303 904 3368 misericordiae
925 3304 1056 3387 piaeque
1079 3303 1298 3387 compassionis
1319 3304 1464 3387 largitate
1479 3325 1551 3370 con-

372 3389 512 3471 stringet.
557 3388 638 3467 Quid
661 3392 710 3453 est
724 3389 820 3470 igitur
835 3389 927 3454 offam
948 3390 1024 3473 picis
1046 3390 1078 3453 in
1098 3388 1238 3454 draconis
1252 3409 1307 3454 ora
1320 3391 1475 3473 proiicere,
1489 3391 1550 3456 nisi

371 3475 535 3538 manifeste
545 3494 616 3538 cum
627 3474 720 3540 Petro
733 3475 848 3540 dicere:
867 3475 1021 3553 „Pecunia
1031 3478 1087 3540 tna
1098 3479 1201 3540 tecum
1213 3476 1254 3539 sit
1270 3476 1302 3539 in
1320 3476 1550 3560 perditionem.“

372 3559 461 3639 Quod
483 3559 618 3643 profecte
633 3559 779 3644 Princeps
801 3562 860 3626 istc
879 3565 955 3626 tunc
968 3563 1118 3627 veraciter
1132 3562 1268 3646 protulit
1289 3582 1362 3626 cum
1377 3562 1549 3628 Cathedres

372 3645 612 3710 distrahentium
638 3647 795 3712 columbas
823 3647 940 3721 evertit
967 3668 1049 3712 cum·
1069 3648 1234 3731 trapezitas
1263 3648 1388 3731 expulit
1418 3669 1490 3713 cum
1519 3651 1550 3712 in

372 3732 487 3814 templo
510 3731 569 3796 Dei
596 3733 662 3797 fieri
689 3735 796 3798 vennle
825 3734 1044 3798 commercium
1066 3735 1227 3799 recusavit
1269 3733 1336 3799 Nec
1356 3734 1435 3799 illud
1457 3736 1552 3800 etism

377 3862 558 3869 --..-.
574 3863 581 3868 .

462 3923 488 3987 a)
508 3920 628 3975 Csietnni
645 3920 694 3973 hst
710 3920 847 3975 lslsitotis.

461 3991 486 4058 *l
504 3991 552 4046 Ich
570 3991 638 4044 hehe
657 3991 742 4044 dieses
759 3991 867 4074 Kopitel
891 4008 939 4044 eus
964 3991 1013 4045 den
1032 3992 1158 4062 opusculo
1176 3993 1222 4046 des
1240 3993 1336 4046 Petrus
1353 3993 1478 4047 Damiani
1497 3993 1554 4046 euf-

372 4078 534 4132 genommeu‚
562 4061 619 4115 weil
647 4079 675 4115 es
704 4062 746 4116 die
773 4062 923 4130 mehtigste
949 4061 1040 4125 Quelle
1061 4063 1147 4116 bildet
1169 4064 1213 4116 fiir
1237 4063 1280 4116 die
1297 4063 1383 4132 hhege
1407 4063 1476 4117 nsch
1502 4063 1552 4117 den

373 4132 547 4202 Befugnissen
572 4131 713 4186 Heinrichs
731 4132 780 4188 lH.
805 4133 846 4186 hei
873 4133 920 4186 der
937 4134 1086 4201 Besetzung
1110 4133 1157 4186 des
1182 4139 1217 4204 pe
1249 4134 1349 4187 tlichen
1367 4134 1475 4188 Stuhlcs
1498 4134 1552 4188 und

372 4203 494 4257 llberdies
522 4203 568 4257 der
593 4221 660 4272 genu
679 4204 757 4256 Liber
784 4204 952 4272 gratissimus
979 4204 1006 4256 in
1024 4203 1103 4257 Form
1120 4204 1191 4258 eines
1243 4204 1432 4258 ndschreibens
1450 4222 1484 4258 sn
1503 4205 1553 4258 den

376 4273 531 4328 Erebischof
546 4274 623 4328 Peter
640 4291 689 4328 von
708 4275 834 4328 Ravenna
851 4274 983 4342 gerichtet
1001 4274 1046 4337 ist,
1066 4274 1121 4328 also
1138 4275 1366 4342 gewissermsescn
1378 4275 1447 4329 such
1459 4293 1490 4328 ru
1503 4275 1552 4329 den

373 4344 478 4398 Briefen
528 4345 636 4398 rechnet
653 4344 756 4398 werden
775 4345 852 4399 kann.
889 4344 944 4398 Der
961 4344 1075 4398 Trahtst
1091 4345 1130 4398 ist
1146 4346 1183 4398 im
1201 4345 1283 4399 Jshre
1299 4349 1367 4401 1052
1384 4346 1553 4415 geschricben

373 4415 427 4469 und
441 4416 501 4468 hese
521 4415 602 4483 elego
614 4414 669 4468 sich
683 4413 733 4468 mit
745 4415 803 4469 dem
817 4415 979 4482 Nechweise,
998 4415 1060 4468 dsss
1073 4415 1116 4469 die
1129 4433 1178 4470 von
1188 4417 1402 4471 simonistisclren
1414 4416 1554 4470 Bischdfen

375 4485 526 4540 Gewcihten
545 4485 620 4539 nicht
638 4485 714 4539 mehr
731 4503 762 4539 zu
781 4487 880 4540 weihen
899 4486 977 4540 scien.
1016 4487 1058 4552 ”l
1077 4487 1128 4541 leo
1148 4487 1195 4541 IX.
