3617 5284
365 514 430 578 222

366 682 437 737 ensis
454 685 483 736 et
493 681 615 750 Ctotbus)
628 681 662 735 de
679 680 790 747 Verona,
807 681 914 751 inques
932 683 1044 751 utreque
1061 695 1123 750 pars
1143 679 1265 733 hilariter
1282 680 1459 750 conpromisit.
1478 679 1544 736 Post

367 754 433 808 baec
450 752 591 806 lumbardi
616 752 651 806 ad
668 751 834 806 liudericum
856 754 1004 805 reverenter
1028 752 1194 804 aecessmunt
1213 752 1241 804 et
1265 749 1458 804 honoraverunt
1475 767 1543 818 euin,

367 840 453 894 aquo
470 824 522 894 ipsi
539 823 653 892 benigne
670 823 768 904 recepti
786 826 814 876 et
830 822 952 876 honorati
971 824 1041 875 sunt
1069 821 1141 875 Hisi
1190 820 1409 890 ueutrinqueits
1420 823 1543 892 peractis,

367 894 520 948 tiedericus
537 894 680 949 exercitum
699 894 771 947 abire
821 892 910 947 rmisit
927 895 1025 946 etcum
1037 907 1115 946 uxore
1128 907 1159 945 ac
1190 891 1234 944 liis
1246 894 1274 944 et
1286 891 1430 946 domestica
1442 893 1544 947 familia

367 965 395 1018 in
412 964 547 1018 civitatem
566 964 675 1034 Papiam
693 963 787 1018 descen
809 963 837 1017 't
867 962 1009 1017 lombardi
1028 978 1086 1016 vero
1105 962 1139 1016 ad
1158 961 1262 1032 propria
1281 977 1340 1014 cum
1357 963 1455 1030 gaudio
1471 963 1544 1018 rede·

367 1039 454 1101 untes,
478 1035 650 1088 obviaverunt
666 1051 741 1088 secus
758 1033 922 1087 Placentiam
940 1032 1125 1088 Cremonenses
1150 1049 1209 1086 cuin
1227 1033 1341 1086 carrocio
1360 1050 1407 1086 suo
1425 1036 1454 1087 et
1469 1051 1543 1106 expe

368 1105 468 1160 ditione
480 1122 537 1160 aua
564 1104 620 1188 Ipsi
638 1104 707 1158 enim
725 1120 827 1175 semper
838 1103 1053 1158 claudicaverunt
1064 1103 1092 1156 in
1105 1103 1175 1156 facto
1187 1102 1385 1158 communitatis
1396 1104 1543 1172 civitatum,

369 1178 486 1244 respectu
505 1175 637 1230 amicitiae
654 1175 837 1244 Papiniainm,
862 1177 890 1228 ct
907 1175 966 1228 idco
983 1173 1101 1228 studiose
1119 1175 1180 1243 post
1197 1173 1263 1227 alios
1288 1173 1450 1229 dishdenint
1466 1177 1543 1240 exire,

370 1251 401 1301 iit
418 1247 613 1300 disturbaretur
636 1243 767 1316 expeditio
790 1245 987 1299 communitatis
1013 1260 1059 1314 pro
1077 1242 1255 1298 retardatione
1272 1242 1396 1314 ipsomin.
1433 1246 1544 1314 Cognito

370 1319 461 1387 igitur,
479 1316 549 1386 quod
567 1315 624 1370 sine
640 1315 706 1386 ipsis
723 1315 795 1369 facta
812 1318 871 1369 erat
887 1315 1024 1385 praedicta
1042 1313 1188 1380 concordia,
1208 1313 1309 1368 confusi
1326 1318 1391 1369 sunt
1402 1315 1429 1370 iii
1442 1318 1545 1370 erubes-

369 1388 456 1442 centia
473 1404 530 1442 sua
560 1385 634 1440 Tunc
650 1386 761 1456 populus
779 1385 960 1441 Cremonensis
977 1388 1006 1439 iii
1024 1384 1143 1438 consules
1161 1401 1221 1438 suos
1238 1384 1348 1440 nimium
1366 1387 1545 1454 exardescens,

369 1458 485 1512 ciuitatis
503 1473 566 1511 suae
584 1456 769 1511 contiimeliam
786 1456 903 1525 graviter
922 1455 1073 1522 vindicarit,
1092 1455 1212 1509 funditus
1225 1455 1331 1510 diruens
1342 1457 1445 1526 palatia
1456 1475 1544 1512 eonim

369 1547 400 1584 ac
418 1530 522 1594 domos,
544 1529 614 1581 bona
631 1527 720 1582 omnia
737 1526 849 1597 diripuit
865 1529 894 1581 at
911 1526 977 1580 alios
998 1527 1024 1579 in
1043 1526 1098 1580 loco
1116 1542 1205 1580 eorum
1224 1527 1357 1593 consules,
1385 1528 1450 1598 ipsis
1469 1529 1545 1612 depo-

369 1600 438 1666 sitis,
456 1598 616 1682 subrogavit.
646 1596 771 1663 Quamuis
783 1601 872 1652 autem
884 1597 1088 1651 lombardorum
1102 1596 1223 1650 ciuitates
1235 1613 1295 1652 cum
1306 1599 1396 1652 codem
1408 1598 1545 1654 Frederico

369 1670 403 1724 de
426 1668 564 1724 concordia
587 1671 615 1723 et
639 1685 703 1739 paee
725 1671 874 1722 tractarent
891 1667 926 1721 ad
943 1667 1068 1733 invicem,
1096 1671 1281 1735 cognoscentes
1305 1671 1393 1723 tamen
1416 1671 1546 1724 versutias

369 1739 483 1794 hominis
500 1740 582 1806 illins,
600 1739 770 1793 nibilominus
788 1738 840 1793 sibi
858 1739 891 1792 ab
910 1755 941 1792 eo
958 1737 1086 1792 caveliant
1103 1737 1131 1792 in
1150 1741 1291 1808 posterum.
1327 1739 1469 1810 Propterea
1487 1758 1546 1795 con·

370 1810 554 1865 foederationis
581 1825 644 1864 suae
670 1809 820 1864 iuramenta
845 1808 975 1864 solicitius
1002 1808 1161 1862 innovarunt
1187 1809 1264 1863 etin
1291 1810 1394 1864 cunctis
1420 1811 1545 1866 maiorem

369 1878 699 2006 diiudicatum
720 1877 1217 2006 ,intimetutldidiett
1227 1879 1545 2007 diffidenti*

371 2021 541 2078 dinaldialron
559 2021 685 2076 wilhelm
702 2019 729 2075 Β.
748 2020 821 2076 Petri
839 2021 873 2075 ad
888 2020 994 2075 vincula
1018 2019 1059 2074 als
1117 2019 1230 2090 petliche
1247 2020 1485 2092 Beuollmdcbtigte
1503 2041 1545 2077 ain

371 2093 544 2148 laisarlicben
562 2091 630 2146 Hofe
647 2109 679 2145 iu
697 2092 787 2147 Paria
816 2091 919 2160 legati,
938 2091 1054 2145 eiusdem
1140 2090 1203 2144 enci
1221 2091 1321 2146 curiam
1339 2092 1545 2163 frequentantes,

373 2165 406 2218 de
424 2164 498 2235 pacis
515 2164 591 2228 bono,
628 2162 725 2217 naliter
741 2162 811 2217 inter
828 2163 916 2234 ipsum
933 2164 962 2215 et
978 2160 1124 2215 Romanam
1136 2161 1272 2216 ecclesiam
1283 2163 1391 2245 eiusque
1403 2163 1545 2231 adiutores,

372 2234 532 2290 lumbardos
558 2233 692 2301 vide'cet,
719 2232 825 2287 Siciliae
846 2249 935 2302 regem
959 2235 988 2286 et
1013 2232 1196 2302 imperatorem
1219 2231 1546 2317 constantinopolitanum,

374 2305 509 2360 reformari
527 2307 624 2376 posed,
642 2303 719 2358 modo
737 2320 796 2358 cuin
814 2320 844 2358 eo
862 2303 933 2370 solo,
959 2302 1036 2356 niodo
1060 2317 1119 2355 cum
1144 2319 1174 2356 eo
1196 2305 1224 2356 et
1247 2303 1304 2358 eius
1327 2305 1485 2360 consiliariis
1502 2323 1548 2377 pcr

371 2377 427 2430 dise
445 2376 571 2446 plurimos
594 2373 768 2429 contulerunt
804 2374 843 2428 Ut
865 2376 954 2427 autem
971 2388 1048 2442 super
1065 2371 1099 2426 iis
1117 2373 1276 2427 tractatibus
1294 2375 1393 2444 absque
1411 2393 1474 2430 suae
1492 2393 1548 2447 per-

371 2463 450 2500 sonae
473 2445 624 2516 praeseutia
645 2461 704 2499 cum
727 2445 882 2500 lombardis
906 2443 1007 2498 facilior
1025 2444 1207 2513 opportunitas
1226 2444 1381 2512 haberetur,
1405 2447 1548 2518 imperator

371 2517 440 2570 vices
468 2533 530 2570 suas
557 2515 730 2586 Cthristiano)
756 2515 926 2580 macellario,
960 2513 1103 2584 Pthilippc)
1134 2513 1204 2568 dicto
1232 2514 1380 2570 Coloniensi
1410 2517 1493 2572 electe
1520 2522 1548 2572 et

372 2587 536 2657 Wtortwino)
562 2585 740 2656 protonotario
766 2602 813 2640 suo
831 2584 974 2651 concessit,
1000 2587 1142 2654 quatenus,
1167 2584 1307 2640 collatione
1325 2586 1419 2642 habita
1437 2588 1469 2642 de
1487 2605 1547 2642 con·

371 2658 509 2712 monetata
526 2656 708 2727 capitulorum,
727 2673 806 2727 quam
824 2659 932 2727 possent
948 2654 1139 2709 moderantiam
1158 2655 1314 2711 adhiberent
1331 2661 1360 2711 et
1377 2658 1412 2712 ad
1424 2659 1547 2713 notitiam

345 2728 456 2799 ,ipsine
477 2730 572 2782 cuncta
594 2727 728 2782 referrent.
763 2727 820 2798 Ipsi
844 2743 904 2781 uero
927 2742 987 2780 cum
1009 2725 1106 2794 legetis
1128 2728 1157 2780 et
1173 2725 1379 2782 bombardorum
1403 2729 1548 2784 rectoribus

371 2816 440 2853 nnnc
457 2799 485 2853 in
502 2797 649 2863 suburbiis,
676 2814 746 2852 nunc
762 2798 791 2851 in
809 2797 933 2862 urbibus,
960 2798 1040 2878 prout
1060 2795 1099 2850 eis
1124 2798 1314 2867 competentius
1333 2798 1487 2867 videbatur,
1515 2799 1548 2854 de

372 2868 651 2952 pacisreforinatione
674 2868 783 2950 insimul
808 2867 1018 2948 frequentissime
1032 2869 1229 2950 tractaverunt.
1266 2867 1318 2950 Sed
1336 2885 1398 2951 cuni
1415 2886 1454 2936 ea,
1479 2887 1547 2952 quae

372 2957 486 3064 dudd
495 2937 1370 3090 diiudicandusblandintum,
1391 2945 1549 3081 tuditi

372 3097 496 3151 uinquam
513 3080 581 3134 laico
599 3079 731 3134 invenitur
747 3079 829 3134 fuisse
846 3093 1006 3142 concessum,
1024 3081 1052 3132 et
1070 3094 1086 3131 a
1103 3077 1184 3132 lomb
1234 3095 1258 3132 is
1276 3079 1355 3146 ultra,
1377 3081 1478 3151 (quam)
1497 3097 1549 3152 qno

372 3151 481 3206 Carolus
499 3153 528 3204 et
543 3149 691 3204 Ludoricus
709 3153 788 3220 atquc
802 3149 868 3205 Otto
886 3148 1057 3232 imperatores
1074 3148 1191 3202 contenti
1211 3150 1326 3216 fuerumt,
1351 3153 1446 3222 exegit
1483 3151 1549 3207 Cum

373 3223 456 3290 igitur
474 3239 491 3274 a
508 3237 555 3274 suo
573 3218 706 3290 proposito
724 3235 804 3290 pravo
821 3218 976 3274 Fredermus
1000 3217 1118 3272 recedere
1140 3219 1294 3275 nullatenus
1317 3222 1404 3290 vellet,
1431 3222 1549 3291 legatia

374 3295 524 3346 sanctornm
544 3295 649 3361 patrum
666 3290 766 3360 regulis
782 3293 811 3344 et
827 3289 1061 3344 constitutionibus
1080 3288 1185 3344 deviare
1207 3289 1334 3358 nolentes,
1359 3309 1389 3346 eo
1408 3293 1435 3346 iii
1453 3293 1549 3348 erroris

373 3364 414 3416 eui
432 3361 543 3433 pertidia
560 3361 693 3427 derelicto,
720 3359 755 3414 ad
797 3360 955 3414 raesentiam
982 3358 1070 3414 domni
1088 3375 1172 3430 papae
1191 3377 1222 3414 ac
1240 3361 1351 3416 fratrum
1372 3379 1477 3418 suorum
1496 3363 1547 3418 col·

372 3433 470 3502 legium
488 3432 596 3486 ductore
613 3431 726 3485 Domino
744 3377 887 3486 retiiernnt
923 3429 1064 3486 Lombardi
1088 3447 1156 3496 vero,
1181 3431 1238 3486 anti
1258 3449 1318 3487 uani
1337 3450 1399 3487 suae
1417 3434 1550 3488 libertatis

372 3503 560 3574 possessionem
578 3501 690 3556 viriliter
708 3500 885 3568 defendentes,
903 3501 1067 3572 improbitati
1086 3501 1202 3556 eiusdem
1214 3501 1345 3558 ibederici
1363 3505 1458 3558 fortius
1470 3505 1550 3559 solito

373 3575 529 3698 {astiterunt
542 3576 576 3698 ἓξ
589 3572 732 3698 Pqpienses
749 3589 809 3626 euin
827 3571 1023 3627 marchionibus
1040 3575 1069 3626 et
1080 3571 1204 3627 Cumanis
1228 3574 1344 3629 assiduis
1362 3575 1550 3630 devastationi·

391 3662 423 3699 us
438 3661 469 3699 ex
576 3659 610 3697 an

501 3713 603 3768 mnaldi
620 3713 737 3768 Annales
762 3711 810 3781 (lt
829 3713 862 3770 G.
880 3713 927 3769 SS.
945 3713 1019 3781 xix,
1037 3714 1119 3784 440):
1145 3713 1262 3784 Cumque
1281 3755 1287 3769 .
1307 3755 1314 3769 .
1334 3757 1340 3770 .
1358 3715 1387 3770 in
1405 3731 1434 3770 eo
1453 3719 1550 3782 meent,

375 3791 408 3840 ut
423 3785 524 3856 pariter
541 3784 710 3851 dimicarent,
737 3783 877 3853 religiosae
901 3783 1030 3854 quaedam
1058 3800 1183 3855 personae
1206 3787 1235 3839 et
1258 3784 1308 3839 viri
1331 3786 1463 3857 sapientes
1481 3787 1551 3841 inter

373 3857 610 3980 {ffimffit
626 3854 787 3938 lombardos
811 3855 883 3980 buqq
894 3854 1013 3980 ,mqqqm
1035 3855 1401 3980 ooncqrdiaetraqtavertilint,
1415 3857 1549 3982 hqtqllihqtiq·

459 3969 466 3993 ,
595 3941 786 3993 sarmis,im
878 3943 916 3980 ris
1014 3942 1264 3980 uninomimsm
1314 3943 1398 3982 sam
1537 3944 1551 3981 r

420 3996 553 4062 briareum
572 3996 668 4051 debinc
685 3999 740 4051 ties
758 3941 901 4067 prmus
921 3996 970 4050 viri
988 3943 1020 4050 a}
1038 3998 1113 4066 parte
1130 3996 1168 4050 im
1200 3941 1344 4052 “mmet
1360 4000 1414 4052 tres
1432 4014 1464 4052 ex
1475 4001 1551 4068 paits

373 4013 579 4122 ffmbsrdomn
597 4068 765 4136 eligerentur,
835 4084 894 4122 ruin
909 4066 1080 4137 dispositione
1098 4070 1127 4122 et
1143 4083 1174 4120 ar
1192 4067 1254 4122 itrio
1271 4083 1360 4122 eorum
1379 4068 1487 4123 deberet
1499 4085 1550 4139 pax

373 4141 403 4192 et
427 4137 566 4221 eoncordia
590 4137 737 4221 terminari.
779 4083 896 4218 &inque
921 4137 971 4191 lico
995 4140 1156 4220 paommnet
1179 4137 1330 4208 imperatori
1352 4141 1381 4221 et
1396 4138 1552 4194 Lombardis

375 4225 427 4263 non
444 4207 575 4263 modicum
594 4209 751 4280 placuisset,
777 4211 920 4278 imperator
936 4207 1046 4278 Papiam
1063 4207 1157 4275 redut,
1182 4211 1210 4262 ct
1227 4208 1368 4264 Iiombardi
1393 4209 1427 4264 ad
1445 4210 1552 4294 propria

373 4282 438 4333 sunt
449 4280 553 4336 reversi.
578 4279 724 4350 Imperator
735 4278 841 4332 interim
853 4278 960 4332 nuntios
973 4276 1008 4331 ad
1020 4277 1197 4332 Alexandrum
1209 4296 1305 4349 papain
1318 4279 1388 4349 apud
1400 4278 1551 4349 anagniam

374 4349 479 4416 direxit,
497 4367 602 4420 rogans,
620 4353 652 4404 ut
668 4349 771 4419 aliquos
789 4347 822 4402 de
839 4349 967 4402 fratribus
986 4349 1041 4402 suis
1059 4347 1093 4402 ad
1111 4365 1170 4404 oum
1189 4349 1217 4404 in
1228 4349 1412 4404 Iiombardiam
1424 4351 1550 4418 mitteret,

374 4421 419 4492 qui
437 4421 517 4474 simul
534 4437 593 4475 cum
611 4419 767 4475 lumbardia
785 4419 942 4476 trmtmdac
967 4419 1040 4490 pacis
1065 4420 1193 4492 colloquio
1216 4420 1375 4476 interessent
1393 4461 1399 4476 .
1418 4462 1425 4476 .
1447 4462 1453 4476 .
1473 4463 1479 4476 .
1499 4419 1551 4487 Qui
