3617 5284
368 551 413 616 30

365 721 450 798 tudo,
473 725 506 786 et
522 727 571 787 est
586 723 751 788 ammirata
765 723 910 787 universa
925 723 1046 806 imperii
1062 723 1159 788 nostri
1173 722 1352 805 latitudo.*)
1394 723 1486 788 Unde
1501 724 1549 787 vel

367 827 386 871 a
408 826 469 889 quo
490 809 549 873 boo
569 811 637 871 tarn
659 827 802 873 amarum
825 809 955 873 verbum
977 809 1168 892 processerit,
1190 809 1353 892 presertim
1375 827 1447 872 cum
1469 809 1550 873 inter

366 897 489 957 caetera
516 894 610 957 huius
638 894 748 958 mundi
770 913 867 976 regna
889 893 1061 959 Grecorum
1084 913 1216 976 regnum
1238 895 1322 960 omni
1345 894 1497 977 sapientia
1519 900 1550 958 et

367 978 550 1045 discretione
582 982 710 1044 actenus
739 979 892 1057 floruerit,
922 980 1091 1045 admodum
1119 980 1223 1045 mirati
1246 999 1365 1044 sumus.
1410 979 1443 1044 Si
1466 981 1549 1044 enim

365 1064 449 1128 idem
476 1065 610 1129 nuncius
639 1068 713 1130 tuus
736 1065 902 1130 Nilroforns
932 1067 1059 1130 unicum
1081 1066 1181 1130 filium
1203 1069 1347 1130 nostrum
1368 1065 1550 1129 Heinricum

366 1149 398 1213 in
428 1151 585 1233 presentia
614 1154 722 1216 nostra
742 1151 836 1216 morti
857 1151 1008 1227 dedisset,
1038 1152 1077 1215 ad
1098 1151 1247 1216 maiorem
1277 1154 1355 1214 iram
1377 1151 1548 1214 maiestatis

367 1240 490 1299 nostrae
506 1237 647 1300 animum
661 1256 825 1319 provocare
840 1256 902 1301 non
917 1241 1046 1320 poterat
1084 1236 1226 1319 Cumque
1248 1238 1311 1300 iam
1332 1255 1387 1319 per
1410 1235 1548 1300 triduum

365 1321 398 1384 in
429 1322 487 1385 boc
516 1322 625 1386 acerbo
653 1322 824 1386 laborasset
852 1326 884 1386 et
912 1323 1047 1404 rigorem
1076 1323 1173 1386 nostri
1201 1322 1295 1386 aninri
1316 1321 1403 1386 nullu
1425 1321 1548 1403 ingenio

367 1407 515 1488 nullaque
545 1408 698 1489 sapientia
728 1408 767 1473 ad
796 1409 1102 1472 suamvoluntatem
1123 1407 1280 1472 inflectere
1301 1407 1469 1490 potuisset,
1498 1407 1547 1470 rix

365 1492 494 1554 tandem
522 1496 633 1574 quarto
661 1493 711 1557 die
738 1493 806 1556 aliis
833 1493 934 1557 verbis
964 1492 1151 1557 dulcioribus
1175 1491 1386 1558 excellentiam
1408 1496 1547 1556 nostram

365 1577 556 1655 exhilaravit,
585 1582 772 1660 nostraeque
801 1578 904 1642 furore
933 1577 1154 1660 indignationis
1184 1579 1343 1661 mitigato,
1377 1578 1547 1642 nobilitatis

365 1666 438 1725 tuae
460 1663 654 1728 voluntatem
674 1665 763 1728 nobis
785 1664 914 1747 aperuit

449 1747 491 1811 lit
512 1749 660 1830 quoniam
681 1750 727 1812 ita
746 1767 832 1813 nuno
853 1753 901 1812 est
923 1755 955 1813 et
977 1767 1046 1814 esse
1070 1749 1174 1826 debet,
1198 1746 1281 1830 quod
1303 1754 1352 1825 tu,
1376 1750 1545 1814 amicorum

364 1833 559 1911 am’cissime,
582 1853 709 1899 uxorem
724 1834 854 1918 accipies
870 1834 1105 1900 dilectissimam
1124 1834 1220 1897 tiliam
1237 1838 1385 1910 nostram,
1408 1854 1548 1899 sororem

366 1917 507 1982 videlicet
521 1919 730 1984 nobilissimae
745 1920 925 1984 contectalis
932 1925 952 1973 ⁸)
967 1923 1100 1996 nostrae,
1118 1921 1271 1994 volumus,
1293 1921 1376 1983 utin
1392 1923 1434 1985 sit
1449 1923 1548 1985 aeter·

363 2023 440 2067 num
461 2003 550 2068 ledus
571 2006 716 2088 perennis
739 2005 901 2082 amicitiae,
924 2024 1020 2088 quarn
1042 2005 1188 2069 videlicet
1211 2005 1380 2069 amicitiam
1402 2009 1545 2089 presente

363 2090 559 2172 apocrisiario
574 2097 628 2155 tuo
644 2110 696 2156 ore
715 2096 747 2156 et
769 2092 980 2174 manuscripto
1005 2091 1125 2154 firmari
1147 2089 1306 2165 iussimus,
1329 2091 1373 2155 ita
1396 2092 1547 2167 videlicet,

365 2184 400 2238 ut
415 2179 447 2238 et
462 2177 552 2241 amici
567 2178 738 2241 amicorum
754 2181 881 2241 tuorum
898 2180 931 2240 et
946 2176 1063 2240 inimici
1079 2175 1177 2240 simus
1192 2176 1389 2240 inimicorum
1410 2180 1546 2242 tuorum.

364 2261 496 2326 Proinde
527 2265 612 2326 certa
639 2263 680 2327 sit
707 2262 875 2346 prudentia
901 2265 971 2339 tna,
1001 2261 1098 2344 quod,
1129 2262 1155 2325 si
1178 2263 1251 2326 tuae
1273 2262 1427 2326 nobilitati
1451 2264 1548 2327 nude·

364 2366 498 2428 cumque
526 2348 630 2430 aliqua
657 2349 802 2413 molestia
832 2348 881 2411 vel
911 2348 1025 2412 iniuria
1046 2347 1139 2412 luerit
1160 2347 1260 2424 illata,
1291 2366 1352 2411 non
1381 2349 1461 2412 hauc
1490 2349 1546 2412 tibi

365 2435 502 2509 tantum,
524 2432 579 2497 sed
601 2433 697 2498 etiam
719 2434 807 2498 nobis
828 2433 949 2497 factam
971 2433 1038 2497 iure
1061 2433 1233 2497 dilectionis
1256 2437 1446 2515 reputamus
1469 2453 1546 2516 quo-

368 2517 455 2581 niam
481 2519 606 2583 virtutis
632 2521 705 2583 tuae
732 2519 877 2584 nobilitas
907 2523 938 2583 et
960 2519 1092 2582 maxime
1114 2521 1255 2600 generosi
1279 2519 1453 2600 sanguinis,
1485 2539 1546 2601 quo

368 2604 399 2666 in
414 2605 528 2687 pignus
544 2608 711 2688 perpetuae
727 2603 898 2669 dilectionis
915 2603 1102 2669 confederati
1119 2622 1236 2680 sumus,
1257 2604 1472 2687 propinquitas
1487 2625 1545 2669 nos

369 2689 494 2765 invitat,
523 2695 561 2754 ut
589 2693 621 2754 te
648 2693 812 2774 tamquam
840 2689 940 2754 lilium
961 2690 1161 2754 karissimum
1184 2689 1280 2754 tubus
1302 2689 1384 2754 ulnis
1406 2691 1545 2754 caritatis

368 2775 593 2857 amplectamur
615 2779 647 2839 et
667 2781 780 2840 cuncta
802 2794 882 2857 quae
904 2775 961 2840 tibi
981 2775 1096 2858 placita
1117 2777 1192 2838 sunt
1212 2774 1321 2839 libenti
1344 2775 1447 2841 animo
1470 2775 1546 2840 faci·

368 2879 465 2924 amus.
501 2861 540 2924 In
563 2879 625 2943 qua
639 2881 673 2925 re
694 2863 814 2925 iustum
836 2861 1030 2937 arbitramur,
1053 2862 1089 2924 ut
1111 2859 1241 2924 eandem
1265 2860 1433 2925 amicitiam
1455 2862 1545 2926 nobis

368 2950 400 3009 ot
421 2946 551 3028 imperio
574 2949 678 3011 nostro
699 2947 816 3010 firmari
838 2945 942 3022 facias,
965 2950 1009 3021 ut,
1031 2946 1192 3029 completis
1215 2945 1358 3011 omnibus
1371 2947 1545 3023 honorilice,

368 3031 493 3113 utrique
514 3032 644 3116 imperio
667 3032 790 3096 debitus
812 3033 911 3097 honor
932 3031 1041 3095 exinde
1065 3030 1223 3094 deleratur
1245 3033 1276 3094 et
1297 3049 1357 3113 par
1379 3035 1411 3096 et
1432 3051 1545 3096 nomeu

367 3115 484 3180 Christi
506 3137 561 3201 per
581 3117 762 3181 universum
783 3114 936 3181 mundum
959 3117 1031 3180 inde
1054 3117 1281 3197 magnificetur.

453 3203 548 3268 Porro
571 3203 609 3266 de
631 3205 810 3285 quingentis
831 3203 993 3280 militibus,
1017 3221 1094 3284 quos
1117 3201 1261 3266 nobilitas
1284 3205 1340 3266 tua
1360 3203 1466 3285 petiit,
1488 3202 1546 3266 hoc

367 3287 426 3352 tibi
452 3288 693 3371 respondemus,
719 3289 802 3370 quod
834 3308 896 3353 uon
926 3288 1027 3353 solum
1051 3289 1252 3370 quingentos,
1283 3287 1453 3352 sedetiam
1484 3287 1545 3353 dno

366 3373 416 3436 rel
438 3376 499 3438 tria
519 3374 620 3449 milia,
643 3374 670 3438 si
690 3392 816 3438 necesse
837 3374 991 3448 habueris,
1014 3373 1070 3437 tibi
1093 3373 1255 3437 mittemus
1278 3375 1317 3450 et,
1340 3373 1421 3454 quod
1444 3374 1545 3455 magis
1630 3411 1633 3416 -

367 3459 429 3533 est,
453 3463 621 3542 antequam
643 3459 866 3523 detrimentum
888 3458 1013 3540 aliquod
1035 3459 1160 3522 honoris
1182 3463 1217 3521 tu
1239 3459 1337 3541 petite
1360 3459 1544 3530 videremus,

367 3543 556 3608 elaboratall
584 3544 680 3608 totius
708 3545 830 3628 imperii
858 3544 957 3608 nostri
980 3543 1175 3620 fortitudine,
1202 3543 1234 3606 in
1264 3544 1388 3627 propria
1414 3563 1547 3627 persona

366 3629 439 3705 tibi,
467 3630 548 3694 sicut
569 3629 750 3712 precordiali
773 3631 837 3695 filio
859 3632 891 3695 et
913 3629 1002 3694 fratri
1025 3630 1199 3706 carissimo,
1226 3629 1355 3693 delicere
1385 3633 1418 3693 et
1438 3628 1545 3710 deesse

366 3733 429 3778 non
450 3734 623 3799 possemus

452 3800 599 3866 Preterea
620 3800 744 3884 scripsit
765 3801 854 3865 nobis
877 3803 934 3864 tua
955 3800 1116 3876 nobilitas,
1145 3799 1228 3881 quod
1250 3818 1380 3881 magnos
1403 3803 1435 3862 et
1456 3817 1543 3863 caros

366 3887 495 3952 nuncios
510 3885 681 3951 sinceritati
696 3890 770 3950 tuae
784 3887 998 3958 mitteremus;
1021 3885 1131 3967 inquo
1149 3885 1304 3949 voluntati
1325 3887 1398 3949 tuae
1421 3884 1545 3966 acquie-

366 3971 482 4049 vimus,
512 3972 659 4054 quoniam
681 3992 759 4054 quos
782 3972 915 4036 cariores
936 3971 1104 4035 babuimus
1127 3970 1325 4035 excellentiae
1347 3971 1421 4034 tuae
1443 3973 1545 4033 trans·

366 4057 519 4135 misimus,
540 4058 658 4122 scilicet
671 4058 868 4122 carissimum
883 4061 916 4122 et
930 4057 1152 4140 pracordialem
1166 4060 1311 4120 nostrum
1325 4056 1543 4120 Embriconem

365 4144 572 4208 venerabilem
586 4144 870 4226 wirziburgensem
885 4143 1073 4227 episcopum,
1094 4142 1250 4206 illustrem
1272 4145 1304 4205 ot
1318 4159 1469 4222 magnum
1483 4141 1543 4205 im·

370 4301 390 4306 -.
404 4302 577 4310 -.-....-——

454 4352 480 4415 a)
499 4349 662 4403 contortulis?
698 4350 726 4418 b)
744 4352 815 4403 statt
830 4349 966 4402 elaborata
985 4349 1047 4402 liest
1065 4347 1236 4404 Giesobracht
1252 4347 1384 4402 devorata.

456 4421 480 4486 *)
499 4420 553 4473 Der
572 4420 719 4474 Charaktor
736 4421 783 4473 des
801 4419 997 4474 erischeulalls
1023 4420 1091 4473 lasst
1113 4419 1170 4473 sich
1195 4435 1242 4472 aus
1267 4418 1314 4473 dor
1331 4419 1480 4473 Aufsclrrilt
1498 4419 1543 4473 dos

369 4490 470 4543 Brieles
487 4490 630 4544 schliessen
649 4492 732 4560 (venel
752 4491 894 4560 imperator
913 4493 1055 4558 augustus!
1074 4490 1131 4558 regi
1150 4488 1341 4556 Graecoruml).
