3617 5284
370 535 413 600 98

370 703 468 768 iudici
481 704 550 768 30⁸)
565 704 662 768 libras
676 701 839 786 persolvat
875 701 911 767 Si
925 722 997 769 vero
1008 704 1193 768 temerarius
1215 704 1332 786 absque
1353 703 1549 786 percussione

372 809 445 854 eum
462 789 596 866 invadat,
619 790 702 871 quod
715 790 808 871 vulgo
824 789 938 853 dicitur
952 795 1070 854 anteros
1092 791 1195 854 hanth
1210 789 1310 854 calida
1323 809 1428 866 manu,
1448 789 1549 854 verbis

371 875 717 957 contumeliisquemale
729 875 915 952 tractaverit,
930 876 1099 940 1ollibras
1108 895 1164 958 pro
1175 875 1229 939 tali
1240 894 1367 939 excessu
1379 877 1549 958 componat,

371 965 403 1026 et
424 961 517 1026 iudici
540 961 648 1025 decem
668 961 831 1043 persolvat
868 959 1065 1044 Quicumque
1086 980 1143 1025 suo
1164 961 1258 1025 iudici
1279 980 1334 1044 pro
1356 980 1483 1026 excessu
1504 961 1550 1025 vi-

370 1047 450 1130 ginti
464 1048 558 1110 libras
574 1046 778 1124 vadiaveritl),
799 1047 963 1130 praedium
977 1065 1071 1110 suum
1092 1047 1138 1110 illi
1158 1066 1215 1129 pro
1236 1047 1363 1130 pignore
1385 1047 1496 1120 tradat,
1518 1050 1550 1110 et

369 1134 452 1197 intra
482 1136 504 1196 4
537 1132 726 1216 septimanas
759 1132 917 1196 vadiatam
946 1133 1109 1215 pecuniam
1138 1133 1313 1215 persolvat;
1347 1136 1379 1197 et
1412 1134 1437 1196 si
1467 1135 1550 1196 intra

372 1222 394 1282 4
416 1219 607 1301 septimanas
634 1218 798 1303 praedium
819 1237 914 1281 suum
936 1219 1054 1283 solvere
1075 1218 1260 1300 neglexerit,
1288 1223 1320 1282 et
1340 1218 1470 1282 heredes
1492 1219 1549 1294 sui,

370 1304 398 1368 si
418 1305 581 1381 voluerint,
603 1302 809 1368 hereditatem
830 1303 989 1386 recipiant,
1012 1307 1043 1367 et
1065 1304 1170 1368 comiti
1192 1304 1275 1368 intra
1289 1305 1339 1368 6⁰)
1360 1303 1549 1387 septimanas

370 1391 413 1454 20
434 1391 530 1454 libras
544 1390 739 1472 persolvant;
762 1391 942 1467 sinautem,
965 1409 1067 1455 comes
1083 1389 1213 1454 eandem
1228 1389 1431 1454 hereditatem
1446 1390 1549 1472 regiae

369 1475 517 1558 potestati
529 1475 698 1556 consignet,
712 1474 975 1557 proclamantium
990 1475 1161 1559 dampnum
1176 1475 1330 1552 restituat,
1346 1482 1379 1540 et
1388 1476 1548 1559 praedium

369 1579 388 1625 a
410 1579 482 1642 rege
504 1560 676 1624 beneficiali
696 1560 764 1624 iure
786 1562 934 1644 optineat

455 1649 484 1709 4.
507 1646 542 1711 Si
563 1645 692 1710 clericus
713 1645 752 1710 de
773 1665 848 1729 pace
865 1646 980 1710 violata
1000 1647 1144 1731 pulsatus
1166 1646 1296 1725 luente,
1319 1650 1351 1711 et
1371 1649 1497 1710 notatus
1518 1649 1551 1709 et

369 1733 560 1815 proscriptus
574 1731 677 1808 fuerit,
696 1735 752 1796 aut
765 1732 850 1815 pacis
865 1732 1047 1796 violatorem
1060 1731 1093 1796 in
1111 1734 1312 1797 contubernio
1328 1752 1384 1797 suo
1399 1732 1549 1808 habuerit,

370 1818 454 1882 etde
475 1817 536 1882 hiis
559 1818 592 1881 in
612 1818 789 1900 praesentia
809 1817 859 1882 sui
881 1819 1016 1901 episcopi
1039 1823 1071 1881 et
1092 1817 1258 1882 sufficienti
1280 1818 1456 1882 testimonio
1479 1837 1550 1882 oon·

372 1904 470 1968 victus
498 1902 607 1980 luerit,
640 1903 744 1968 comiti
773 1903 807 1968 in
832 1903 920 1968 cuius
949 1903 1099 1968 comitatu
1129 1904 1211 1967 idem
1237 1903 1366 1969 clericus
1395 1905 1453 1968 hoc
1481 1923 1549 1987 per·

370 1990 553 2072 patraverit,
582 1990 625 2054 20
654 1989 749 2053 libras
777 1989 947 2073 persolvat,
978 1992 1010 2052 et
1038 1988 1076 2052 de
1108 1992 1194 2054 tanto
1225 2008 1352 2053 excessu
1379 1991 1548 2054 secuudum

369 2078 491 2140 statuta
512 2093 666 2138 canonum
689 2075 829 2158 episcopo
851 2074 1030 2138 satisfaciat
1065 2074 1099 2139 Si
1121 2078 1228 2139 autem
1249 2075 1333 2139 idem
1354 2075 1482 2140 clericus
1504 2075 1549 2138 in-

372 2161 517 2226 obediens
540 2161 686 2237 extiterit,
707 2179 770 2224 non
792 2160 894 2225 solum
916 2159 1014 2224 officio
1037 2164 1070 2225 et
1091 2161 1237 2226 beneficio
1260 2161 1467 2226 ecclesiastico
1487 2162 1549 2244 pri-

369 2250 467 2325 vetur,
489 2265 598 2311 verum
620 2248 716 2311 etiam
737 2249 900 2328 tamquam
921 2245 1113 2329 proscriptus
1135 2247 1329 2330 habeatur.*)

457 2335 486 2396 5.
516 2331 551 2396 si
571 2331 665 2396 iudex
686 2332 771 2415 pacis
793 2332 931 2413 aliquem
952 2332 1132 2397 violatorem
1155 2334 1289 2397 clamore
1310 2331 1416 2415 populi
1440 2331 1479 2396 ad
1501 2350 1549 2396 ca·

370 2422 472 2482 strum
502 2417 632 2482 alicuius
654 2416 771 2482 domini
792 2420 919 2481 secutus
941 2416 1052 2496 luerit,
1080 2419 1225 2482 dominus
1255 2418 1338 2482 idem
1366 2416 1454 2482 ouius
1483 2435 1548 2482 esse

369 2505 508 2568 oashum
523 2503 718 2586 cognoscitur
733 2502 772 2567 ad
792 2502 971 2567 faciendum
991 2503 1146 2568 iustitiam
1167 2505 1259 2568 illum
1280 2503 1445 2587 producat;
1468 2502 1549 2585 quod

369 2591 397 2655 si
427 2589 465 2653 de
494 2608 553 2654 sua
574 2588 695 2653 diffisus
716 2587 812 2653 fuerit
832 2589 1023 2666 innocentia,
1054 2592 1086 2654 et
1111 2594 1183 2654 ante
1213 2589 1322 2654 iudicis
1352 2593 1550 2672 conspectum

330 2675 338 2695 '
369 2675 475 2740 venire
489 2674 708 2751 formidaverit,
731 2675 758 2738 si
778 2675 974 2738 mansionem
994 2675 1027 2738 in
1050 2679 1151 2740 castro
1173 2677 1295 2752 haheat,
1317 2674 1461 2739 dominus
1484 2675 1549 2738 eius

370 2761 476 2826 omnia
488 2761 616 2825 mohiHa
629 2761 688 2825 sub
701 2760 877 2825 iuramento
891 2759 986 2825 iudici
1000 2764 1219 2844 repraesentet,
1242 2765 1273 2826 et
1294 2779 1366 2825 eum
1389 2760 1427 2824 de
1449 2763 1549 2824 cetero

369 2847 402 2911 in
430 2846 522 2910 domo
551 2864 610 2909 sua
637 2849 800 2927 tamquam
827 2847 1036 2930 proscriptum
1064 2865 1126 2910 non
1147 2847 1292 2931 recipiat;
1321 2847 1346 2911 si
1370 2865 1441 2912 vero
1464 2865 1550 2910 man-

372 2933 491 2997 sionem
505 2933 538 2995 in
557 2935 657 2996 castro
680 2951 737 2996 suo
757 2951 820 2996 non
842 2931 994 3008 hahuerit,
1016 2931 1161 2996 dominus
1184 2934 1251 2998 eius
1274 2952 1380 2997 secure
1403 2951 1476 2997 eum
1498 2931 1550 2996 ad-

372 3017 484 3082 ducere
512 3016 619 3095 faciat,
649 3036 686 3082 ac
715 3017 915 3100 postmodum
943 3016 1036 3082 iudex
1064 3037 1136 3081 cunr
1157 3019 1271 3102 populo
1293 3037 1366 3083 eum
1388 3024 1549 3101 tamquam

372 3102 457 3188 pacis
479 3102 661 3168 violatorem
681 3103 826 3187 persequi
845 3122 909 3167 non
931 3101 1070 3167 desistat.

458 3191 487 3254 6.
509 3187 544 3254 Si
572 3188 634 3253 duo
663 3188 804 3253 homines
830 3207 887 3271 pro
916 3207 978 3252 uno
1005 3188 1152 3255 beneficio
1182 3189 1388 3268 contendunt,
1415 3193 1447 3254 et
1469 3208 1550 3253 unus

374 3294 467 3359 super
495 3273 604 3339 eodem
631 3274 778 3338 beneficio
800 3275 1015 3339 investitorem
1036 3276 1194 3357 producit,
1222 3276 1306 3340 illius
1329 3275 1550 3352 testimonium,

374 3381 446 3426 cum
466 3359 628 3425 investitor
650 3360 766 3424 donum
789 3361 991 3424 investiturae
1012 3363 1211 3444 recognoscit
1234 3379 1336 3426 comes
1354 3363 1454 3444 primo
1475 3362 1551 3425 reci-

371 3448 456 3546 piat3
485 3449 519 3512 et
546 3445 584 3545 si·
600 3445 684 3510 idem
705 3446 834 3542 probare
855 3445 980 3544 poterit
990 3445 1119 3529 ydoneis
1147 3447 1295 3524 testibus,
1323 3447 1406 3544 quod
1434 3447 1550 3544 absque

372 3531 1551 3702 atrttat&ttatltattlltttatrottaaaare

462 3784 489 3855 a)
501 3783 553 3838 XX
570 3801 636 3838 corr.
649 3783 726 3839 XXX
745 3789 775 3850 5;
794 3783 889 3853 viginti
908 3788 934 3852 l,
953 3787 978 3850 7,
997 3788 1028 3851 ὃς
1047 3783 1073 3837 X
1085 3788 1109 3838 6.
1146 3783 1177 3846 bl
1197 3783 1314 3837 haistera
1331 3783 1404 3838 hand
1422 3785 1507 3839 heisst
1524 3802 1551 3838 es

373 3855 403 3908 in
420 3855 471 3908 den
489 3855 561 3909 alten
579 3855 670 3924 leges.
701 3854 726 3924 c)
744 3855 768 3907 V
789 3859 867 3908 4-8.
904 3853 933 3921 d)
951 3853 1098 3908 Sicherheit
1115 3855 1198 3922 geben
1217 3853 1300 3907 durch
1318 3855 1552 3924 Ptandbaatellung

374 3926 499 3995 (vadium,
518 3925 627 3992 Wedde,
647 3925 784 3996 Sataung).
820 3925 869 3978 Ala
887 3924 974 3978 Psaud
993 3925 1099 3979 dientem
1117 3924 1249 3979 entueder
1266 3925 1424 3994 beweglicho
1441 3925 1550 3990 Sachcn,

373 3996 412 4051 sei
430 4013 458 4050 ss
476 3997 519 4050 ein
538 3995 758 4067 „Xistenpfand“,
777 3994 816 4049 sei
833 4011 861 4049 es
878 3996 921 4049 ein
940 3996 1093 4063 „essendes,
1114 3995 1255 4049 rehrendes
1272 3995 1385 4062 Ptand‘,
1404 3997 1467 4051 oder
1485 3997 1551 4050 auch

372 4066 547 4122 Immobilien.
577 4066 618 4120 Im
630 4067 756 4121 letateren
768 4066 842 4120 Falla
859 4066 924 4120 land
943 4066 985 4120 die
996 4067 1184 4137 Verptltndung
1202 4067 1244 4120 bis
1261 4065 1303 4120 ins
1319 4070 1359 4122 l3.
1381 4067 1475 4123 Jahrh.
1494 4085 1552 4122 aus·

374 4137 539 4192 schliesslieh
564 4140 634 4191 statt
657 4137 686 4191 in
703 4136 780 4191 Form
806 4137 852 4190 der
869 4127 1058 4206 Ubertragung
1081 4137 1127 4191 dor
1146 4135 1251 4192 Gevvere
1275 4137 1320 4208 (=
1339 4139 1481 4205 vestitura,
1507 4138 1551 4192 des

373 4207 492 4263 Beaihtes
504 4208 566 4262 oder
578 4208 781 4278 Bedhreehtes)
794 4224 828 4261 an
842 4206 893 4260 den
907 4206 1058 4276 Glhubiger.
1078 4208 1102 4278 θ)
1114 4207 1138 4259 V
1153 4208 1231 4277 1·(6).
1249 4207 1274 4277 sl
1286 4205 1382 4274 ὠθεῖν,
1395 4209 1550 4273 αἰτιᾶσθαι,

374 4296 403 4333 ιιι
420 4295 462 4332 rns
480 4295 580 4334 vocare.

464 4349 488 4413 ⁸)
506 4349 557 4403 Dic
581 4349 851 4418 husnahmestellung
875 4349 923 4403 der
940 4348 1060 4403 Klarilrer
1082 4349 1214 4404 erscheint
1238 4349 1321 4403 durch
1342 4351 1430 4404 diesen
1448 4349 1551 4403 Artihol
1625 4364 1632 4372 ·

373 4419 568 4545 ffilqtieh
594 4436 626 4473 au
652 4420 725 4474 einer
751 4420 936 4488 Bestimmung
962 4419 1009 4473 des
1035 4420 1152 4474 Mainaer
1170 4419 1378 4474 Gottesfriadens
1404 4421 1552 4474 bedentend
