3617 5284
1362 561 1405 626 ta

220 731 433 808 nutrimenta,
468 734 504 796 ut
535 731 629 796 faeiat
660 731 810 796 iudioium
843 735 876 796 91
909 731 1063 796 iustitiam
1097 731 1130 795 19
1163 734 1255 796 terra
1297 731 1339 796 lit
1367 732 1411 797 sit

220 817 384 882 nobiseum
397 818 503 899 magni
518 817 637 882 99991111
653 817 791 898 angelus,
811 821 856 882 ut
871 817 1089 882 deolaretis
1106 835 1190 882 eum
1210 816 1249 881 in
1270 835 1364 899 rege
1377 837 1408 882 m

220 921 267 968 ao
288 902 538 968 defensorem
561 905 736 967 Romane
759 904 1036 986 aeoolesiae;*)
1060 902 1160 968 etilla
1181 903 1241 986 ipsi
1264 921 1301 967 99
1322 903 1408 987 9919-

220 988 342 1072 cipibus
371 989 437 1052 suis
466 988 567 1053 faeere
593 989 781 1071 iniungatr'S,
811 1008 890 1070 quae
914 989 951 1052 ad
974 990 1125 1053 bonorem
1147 988 1315 1054 oatholioae
1339 1008 1410 1053 aeo-

221 1075 337 1139 olesiae
359 1077 391 1139 et
412 1075 548 1139 salutem
569 1075 675 1158 populi
696 1075 858 1139 ohristiani
881 1075 1051 1158 profioiant.

368 1290 403 1365 9)
426 1236 740 1360 Α91919919919991199
765 1290 890 1375 [unone
915 1285 1116 1373 ΙΙΙ.,11.1191
1141 1287 1267 1372 1112.**)

421 1402 550 1470 (Wibaldi
568 1420 626 1474 epp.
644 1421 684 1460 nr.
703 1407 767 1468 382;
786 1401 863 1470 Jafft,
883 1402 1049 1456 Bibliotheca
1066 1401 1089 1469 1,
1110 1407 1160 1456 513
1179 1402 1209 1472 f.)
1254 1465 1257 1470 ¹

310 1515 471 1597 Ilugenius
487 1518 647 1602 episeopus
670 1519 778 1582 servus
801 1536 960 1581 servorum
975 1516 1034 1581 Dei
1048 1516 1209 1582 karissimo
1231 1517 1264 1580 iu
1284 1516 1407 1582 Christo

223 1600 287 1750 {ilio
304 1601 490 1750 ι9119119999)
519 1604 635 1668 illustri
656 1605 870 1668 Romanorum
900 1603 966 1684 regi
994 1603 1129 1667 salutem
1152 1605 1183 1667 et
1206 1602 1404 1686 apostolieum

247 1704 303 1750 ene
327 1686 478 1753 'ationem

310 1772 438 1838 Nuntiis
453 1774 594 1857 egregiae
608 1777 682 1839 tuae
696 1775 866 1839 nobilitatis
881 1776 914 1838 et
927 1773 1039 1838 litteris
1062 1775 1194 1856 benigne
1217 1792 1253 1838 99
1275 1774 1402 1838 honeste

224 1858 392 1941 surreptis,
426 1862 459 1924 et
489 1860 628 1944 ipsorum
660 1860 743 1925 fideli
776 1863 808 1924 et
840 1859 986 1943 prudenti
1012 1861 1188 1925 narratione
1219 1862 1250 1923 91
1278 1859 1404 1922 illarum

225 1943 461 2025 diligentissima
492 1947 699 2030 inspeetione,
732 1965 897 2029 personam
930 1950 1034 2022 tuam,
1066 1945 1131 2010 iam
1162 1945 1283 2028 pridem
1317 1945 1408 2008 nobis

226 2029 387 2107 dileotam,
415 2034 486 2114 post
512 2032 674 2096 derasam
701 2032 806 2115 patrui
834 2031 895 2108 tui,
923 2031 1102 2096 9999199199
1124 2031 1291 2096 memoriae
1314 2030 1408 2112 Clon-

223 2115 304 2196 radi)
319 2116 534 2181 Romanorum
549 2118 639 2199 regis,
661 2117 728 2200 pari
749 2121 819 2182 voto
843 2120 878 2182 et
896 2116 1037 2180 unanimi
1060 2136 1210 2181 oonseusu
1233 2115 1408 2200 principum

223 2201 258 2263 in
278 2200 367 2282 regni
388 2201 549 2284 fastigium
572 2206 748 2287 promotam
770 2221 852 2280 esse,
875 2201 1039 2266 manifeste
1063 2203 1273 2284 eognovimus.
1318 2201 1406 2280 Quod

227 2290 314 2351 tauto
348 2288 488 2352 uberiore
522 2289 710 2353 exultatione
743 2290 951 2372 suscepimus,
985 2290 1102 2370 quanto
1135 2308 1190 2371 per
1220 2287 1323 2352 dileoti
1352 2287 1408 2351 filii

226 2373 325 2435 nostri
359 2371 547 2456 0(otaviani)
578 2375 742 2459 presbiteri
775 2373 939 2438 9991199119
973 2373 1184 2438 narrationem
1218 2375 1250 2438 et
1281 2381 1407 2436 tuarum

226 2457 405 2523 litterarum
438 2461 665 2544 suseeptionem
698 2479 786 2545 spem
814 2461 977 2524 oertiorem
1010 2460 1048 2524 de
1078 2462 1135 2524 tua
1162 2458 1315 2524 industria
1343 2460 1408 2523 iam

213 2548 320 2608 ‘antea
349 2546 541 2610 tenebamus.
585 2547 651 2611 Deo
672 2545 783 2628 igitur,
814 2564 832 2609 a
855 2565 915 2626 quo
938 2548 987 2609 est
1009 2564 1098 2609 omne
1122 2545 1231 2609 datum
1254 2545 1407 2627 optimum

228 2632 260 2693 et
277 2649 368 2694 omne
391 2630 508 2695 donum
528 2631 709 2715 perfeetum,
732 2631 770 2695 19
793 2631 882 2695 eorde
905 2632 1021 2712 gratias
1044 2631 1164 2695 debitas
1187 2633 1405 2714 persolventes,

228 2715 311 2796 quod
339 2715 376 2780 de
404 2721 461 2780 tua
489 2718 694 2782 strennuitate
723 2717 826 2781 divina
855 2717 1019 2781 elementia
1041 2717 1223 2799 disponente
1246 2722 1312 2780 tam
1335 2736 1406 2781 oon-

226 2800 361 2865 oordr'ter
380 2801 500 2866 faotum
522 2822 590 2868 esse
605 2803 812 2884 eognovimus,
835 2802 1009 2884 benigno
1031 2801 1165 2866 favore
1188 2802 1297 2867 sedis
1320 2821 1408 2885 apo·

227 2887 394 2951 stolioae
416 2890 690 2972 approbamus.
734 2888 896 2954 Credimus
920 2889 1020 2964 enim,
1043 2887 1126 2970 quod
1147 2889 1279 2964 bonum,
1302 2907 1321 2950 a
1344 2889 1406 2950 iam

228 2971 310 3036 dioto
345 2979 456 3056 patruo
493 2979 526 3038 et
558 2975 773 3058 predecessore
807 2980 860 3038 tuo
893 2974 1023 3037 firmiter
1055 2973 1142 3038 nobis
1176 2976 1208 3038 et
1242 2973 1407 3037 9999199199

228 3059 387 3123 Romanae
422 3061 624 3143 promissum,
661 3080 718 3144 per
753 3078 920 3141 generosae
957 3059 1126 3124 devotionis
1160 3062 1232 3123 tuae
1266 3058 1405 3123 studium

229 3143 440 3209 desideratum
469 3165 489 3210 a
516 3146 604 3210 nobis
635 3145 801 3210 auxiliante
823 3145 956 3210 Domino
978 3147 1125 3208 sortietur
1147 3145 1299 3209 effoetum.
1344 3144 1408 3208 Nos

229 3229 437 3310 siquidemad
459 3231 586 3297 1999919
608 3235 640 3296 91
663 3232 856 3297 exaltationis
878 3238 953 3295 1999
976 3236 1202 3312 augumentum
1225 3249 1280 3314 pro
1303 3229 1407 3295 debito

228 3316 387 3380 oommissi
408 3318 496 3381 nobis
519 3318 619 3395 offleii
642 3337 776 3401 superna
798 3318 981 3400 cooperante
1004 3317 1111 3398 gratia,
1135 3317 1285 3380 attentius
1307 3315 1430 3380 19199·-

230 3400 333 3465 dimus
362 3403 510 3467 laborare.
553 3405 725 3487 Eapropter
754 3403 792 3467 de
820 3403 1047 3468 eommunioato
1075 3402 1209 3466 fratrum
1231 3406 1409 3466 nostrorum

228 3487 353 3551 oonsilio
391 3489 531 3570 legatum
570 3489 607 3553 de
640 3490 737 3554 latere
774 3495 881 3553 nostro
915 3488 952 3552 91
988 3493 1075 3552 tuam
1109 3487 1309 3552 serenitatem
1347 3487 1409 3552 dis-

229 3573 390 3656 posuimus
416 3574 449 3637 in
478 3575 616 3656 proximo
642 3575 814 3652 destinare,
841 3595 897 3658 per
926 3593 1017 3655 quern
1051 3573 1254 3638 intentionem
1283 3577 1410 3657 etpro-

231 3659 368 3741 poaitum
382 3663 525 3724 nostrum
539 3665 613 3725 tuae
629 3662 744 3742 gloriae
759 3660 968 3744 disposuimus
989 3661 1116 3743 aperire.
1152 3659 1283 3723 Interim
1306 3670 1411 3723 autem

233 3745 351 3825 regiam
373 3745 558 3826 dignitatem
583 3753 669 3810 tuam
692 3749 810 3811 attente
833 3765 1011 3824 monemuS,
1033 3749 1070 3809 ut
1090 3744 1288 3829 professionis
1309 3745 1412 3826 regiae

235 3830 367 3894 formam
395 3833 563 3916 perspioaoi
591 3833 708 3896 lumine
735 3833 850 3896 mentis
880 3851 1002 3914 semper
1030 3831 1173 3896 attendas
1197 3836 1227 3894 et
1249 3830 1413 3895 aeoolesiae

232 3915 291 3980 Dei
314 3921 346 3980 91
368 3917 601 3982 999919919911919
624 3919 763 4002 99999919
785 3923 961 4003 promptam
988 3923 1020 3981 et
1042 3917 1178 3981 debitam
1201 3917 1355 3981 iusticiam
1378 3936 1414 3981 99

233 4001 443 4067 defensionem
474 4003 711 4086 infatigabiliter
739 4011 771 4069 et
800 4023 922 4088 semper
951 4003 1106 4080 exhibeas,
1135 4002 1248 4079 vidula,
1276 4002 1412 4086 pupillis,

231 4088 379 4171 orphanis
408 4091 440 4153 et
467 4091 609 4154 universo
635 4091 748 4174 populo
774 4090 917 4172 regimini
939 4096 994 4154 tuo
1017 4089 1154 4154 subiecto
1177 4088 1243 4152 sine
1266 4087 1412 4152 tarditate

230 4193 340 4257 paoem
354 4176 386 4237 et
399 4174 556 4239 iustitiam
571 4175 675 4252 faoias,
697 4177 815 4260 911991
839 4176 876 4240 19
891 4178 948 4240 199
962 4175 1154 4259 protectione
1177 4192 1213 4238 99
1234 4175 1411 4239 1919991999

231 4279 286 4342 pro
313 4260 417 4342 regiae
440 4261 600 4342 diguitatis
623 4262 936 4334 99991991199999111
961 4263 992 4325 et
1014 4261 1069 4325 tibi
1091 4260 1202 4324 devote
1225 4260 1410 4337 obedientes

322 4452 347 4515 *l
365 4449 425 4518 Vgl.
445 4451 564 4519 dagogen
583 4451 631 4504 den
648 4450 737 4532 ¹Tenor
754 4451 801 4504 des
814 4449 993 4531 ‘kaiserlioben
1012 4449 1178 4503 Sohreibens!

325 4523 364 4584 ¹³¹³)
380 4521 442 4589 Vgl.
460 4521 527 4575 auch
546 4523 611 4575 tiber
629 4522 713 4575 drosos
731 4521 872 4574 Sehrerben
889 4520 1054 4588 Engelmaun
1072 4537 1097 4574 u.
1116 4519 1240 4573 Deussen
1259 4535 1282 4573 a.
1302 4536 1326 4573 a.
1345 4517 1376 4573 Ο.
