3617 5284
374 515 436 580 106

457 685 505 749 De
520 684 721 750 electionibus
735 686 859 767 quidem
875 686 921 749 ita
935 686 1004 750 liet:
1022 685 1131 750 Clerici
1147 684 1330 749 convenient
1339 685 1372 748 in
1383 702 1550 768 personam

371 772 516 835 idoneam
545 774 578 835 et
604 770 682 834 illud
712 771 794 835 inter
821 791 854 836 se
883 774 1038 836 secretum
1059 770 1233 846 habebunt,
1261 771 1358 834 donec
1384 788 1550 853 personam

372 858 459 921 illam
481 857 679 921 excellentiae
701 859 825 922 nostrae
847 857 1063 940 pronuntient,
1093 860 1125 920 et
1145 859 1313 940 postquam
1335 874 1467 939 persona
1487 854 1550 918 cel·
1625 887 1631 898 ·

372 942 501 1007 situdini
529 946 654 1006 nostrae
682 941 777 1007 fuerit
802 943 979 1024 designata,
1006 943 1031 1006 si
1053 961 1187 1026 persona
1207 941 1262 1005 illa
1282 942 1321 1006 de
1342 941 1549 1025 proditoribus

373 1033 429 1092 aut
450 1029 583 1092 inimicis
599 1028 714 1092 nostris
729 1029 778 1092 rel
793 1028 944 1093 heredum
959 1030 1136 1093 nostrmum
1151 1047 1213 1092 non
1235 1026 1330 1091 inerit
1352 1030 1408 1093 aut
1428 1026 1549 1107 magni-

371 1115 513 1179 ficentiae
539 1118 664 1178 nostrae
690 1133 753 1178 non
782 1115 918 1179 extiterit
945 1114 1051 1179 odiosa
1079 1115 1129 1178 vel
1156 1113 1218 1177 alia
1244 1113 1278 1176 in
1305 1133 1343 1178 ea
1371 1131 1465 1178 causa
1485 1132 1549 1177 non

371 1200 473 1276 fuerit,
494 1219 550 1282 pro
565 1218 629 1281 qua
649 1219 711 1263 non
734 1200 902 1264 debeamus
918 1200 1077 1276 assentire,
1100 1219 1263 1264 assensum
1278 1197 1548 1282 praestabimus.*)

455 1285 598 1350 Proiecto
606 1305 661 1350 ros
668 1286 756 1350 nobis
764 1288 796 1349 et
802 1287 934 1368 Rogerio
941 1286 1012 1350 duci
1020 1285 1082 1349 lilio
1089 1288 1194 1350 nostro
1207 1288 1239 1349 et
1249 1285 1414 1349 heredibus
1424 1284 1551 1361 nostris

372 1372 426 1454 qui
440 1372 472 1435 in
487 1390 620 1452 regnum
640 1390 696 1455 pro
711 1372 886 1436 voluntaria
907 1371 1098 1436 ordinatione
1120 1372 1227 1434 nostra
1249 1371 1461 1448 successerint,
1476 1388 1549 1433 con·

372 1457 488 1522 cedens
509 1477 642 1538 regnum
661 1457 792 1534 Siciliae,
814 1457 964 1522 ducatum
986 1457 1116 1540 Apuliae
1139 1459 1172 1520 et
1192 1457 1401 1540 principatum
1423 1455 1548 1538 Capuae

371 1562 445 1607 cum
467 1543 611 1606 omuibus
631 1543 826 1627 pertinentiis
849 1544 923 1620 suis,
945 1543 1118 1626 Neapolim,
1142 1541 1309 1606 Salernum
1330 1545 1362 1605 ct
1382 1540 1548 1605 Amalfiam

372 1647 445 1692 cum
471 1629 668 1710 pertinentiis
695 1629 775 1705 suis,
804 1630 954 1694 Marciam
976 1633 1008 1694 ct
1031 1629 1091 1693 alia
1113 1647 1193 1708 quae
1219 1628 1304 1692 ultra
1324 1627 1473 1692 Marsiam
1493 1626 1548 1690 de-

371 1715 482 1778 bemus
503 1715 617 1778 babere
640 1715 813 1796 etreliqua
835 1715 1021 1791 tenimenta,
1044 1732 1124 1796 quae
1147 1717 1306 1788 tenemus,
1329 1732 1349 1777 a
1369 1712 1548 1796 praedeces·

373 1800 493 1864 soribus
508 1801 632 1877 nostris,
646 1800 824 1865 bominibus
839 1805 1053 1866 sacrosanctae
1068 1801 1228 1864 Romanae
1243 1799 1399 1876 ecclesiae,
1412 1798 1480 1862 inre
1494 1797 1548 1862 de-

372 1889 468 1961 tenta,
490 1888 523 1950 et
536 1890 645 1950 contra
658 1905 765 1950 omnes
780 1886 921 1951 homines
944 1885 1128 1950 adiuvabitie
1151 1885 1315 1949 honorilice
1336 1887 1547 1949 manutenere.

457 1970 518 2036 Pro
534 1972 647 2054 quibus
662 1973 805 2036 omnibus
821 1972 906 2035 vobis
921 1972 1094 2054 vestrisque
1117 1971 1346 2036 successoribus
1368 1972 1401 2034 et
1421 1971 1546 2034 emotae

372 2059 532 2122 Romanae
547 2058 694 2122 ecclesiae
708 2057 891 2121 fidelitatem
905 2058 1077 2122 iuravimus
1092 2059 1125 2121 et
1138 2057 1225 2122 vobis
1242 2057 1353 2138 ligium
1374 2055 1548 2120 hominium

372 2143 511 2218 fecimus,
532 2143 614 2207 sicut
627 2143 803 2207 continetur
816 2143 849 2206 in
864 2142 985 2207 duobus
1001 2143 1154 2209 similibus
1169 2142 1399 2226 capitularibus,
1415 2159 1548 2223 qnorum

372 2230 507 2294 alterum
527 2247 623 2312 penes
645 2231 781 2293 vestram
803 2229 1002 2294 maiestatem
1024 2228 1124 2312 sigillo
1147 2231 1252 2292 nostro
1276 2247 1383 2304 aureo,
1411 2227 1546 2292 alterum

369 2333 442 2379 vero
465 2314 565 2395 sigillo
589 2317 692 2378 vestm
714 2314 874 2395 signatum
895 2334 990 2398 penes
1012 2335 1069 2380 nos
1090 2315 1231 2379 habetur
1267 2315 1309 2378 llt
1329 2332 1458 2378 censum
1480 2331 1549 2377 sex·

371 2403 532 2465 centorum
560 2399 761 2464 schifatorum
779 2399 821 2464 de
843 2400 957 2484 Apulia
978 2404 1011 2466 et
1032 2400 1189 2476 Calabria,
1212 2399 1454 2482 quingentomm
1476 2417 1547 2464 vero

372 2486 410 2550 de
432 2486 562 2562 Mareia,
590 2486 639 2549 vel
667 2486 866 2567 aequivalens
896 2486 930 2550 in
958 2505 1033 2550 auro
1060 2486 1109 2550 vel
1137 2488 1266 2566 argento
1287 2505 1344 2550 nos
1367 2504 1404 2549 ac
1424 2487 1547 2549 nostros

370 2571 500 2636 heredes
522 2571 682 2635 Romanae
712 2572 889 2653 [ecclesiae]
919 2573 1089 2636 statuimus
1118 2571 1207 2635 annis
1230 2570 1360 2653 singulis
1382 2571 1548 2646 soluturos,

370 2657 431 2720 nisi
446 2657 525 2721 forte
539 2656 799 2739 impedimentum
814 2658 940 2738 aliquod
955 2658 1172 2732 intercesserit,
1195 2677 1256 2738 quo
1272 2657 1413 2721 cessante
1435 2673 1546 2720 census

372 2763 409 2808 er
437 2743 558 2824 integro
584 2743 785 2825 persolvetur.
830 2742 945 2808 Omnia
965 2763 1037 2808 vero
1059 2743 1232 2828 praedicta,
1262 2761 1343 2824 quae
1364 2741 1453 2807 nobis
1475 2759 1548 2804 oon·

371 2829 522 2905 cessistis,
550 2829 632 2892 sicut
660 2829 762 2904 nobis,
790 2829 836 2893 ita
863 2829 959 2893 etiam
989 2832 1021 2894 et
1042 2829 1208 2894 heredibus
1229 2828 1344 2892 nostris
1364 2825 1547 2903 concedetis,

372 2933 450 2995 quos
478 2914 564 2998 [pro]
594 2914 770 2979 voluntaria
796 2915 989 2979 ordinatione
1011 2917 1118 2980 nostra
1140 2913 1358 2988 statuerimus,
1389 2913 1444 2995 qni
1466 2911 1548 2976 sicud

370 3019 428 3064 nos
456 2999 542 3064 robis
570 3000 743 3082 vestrisque
772 3001 1003 3065 successoribus
1034 3004 1066 3066 et
1093 3001 1239 3065 ecclesiae
1261 2999 1421 3063 Romanae
1449 2997 1548 3062 fideli-

370 3087 470 3149 tatem
492 3085 592 3150 lacere
615 3088 648 3150 et
669 3105 750 3168 quae
770 3087 961 3170 praescripta
983 3091 1066 3164 sunt,
1088 3085 1242 3151 voluerint
1263 3085 1433 3149 observare

457 3172 503 3236 Ut
517 3175 632 3247 autem
654 3191 735 3253 quae
750 3172 929 3255 supradicta
943 3176 1025 3248 sunt,
1047 3175 1114 3236 tam
1129 3172 1232 3236 vestro
1254 3189 1350 3253 quam
1372 3173 1548 3234 vestorum

372 3276 587 3322 successorum
601 3260 740 3340 tempore
754 3261 938 3341 perpetuam
953 3258 1115 3322 obtineant
1135 3257 1317 3322 firmitatem
1332 3259 1365 3322 et
1377 3275 1418 3320 ne
1431 3254 1547 3321 nostris

464 3411 489 3480 *l
507 3412 563 3465 Dae
588 3412 646 3465 hier
669 3412 730 3465 sehr
752 3412 890 3480 allgemsiu
913 3413 1053 3482 gehaltcne
1077 3412 1226 3481 lrbnigliche
1250 3410 1488 3482 Einspruchsrecht
1509 3410 1548 3463 ist

372 3484 462 3550 sptter
485 3498 516 3535 zu
535 3480 655 3536 Gnnsten
681 3482 727 3536 der
744 3482 887 3537 Walrlireit
911 3483 958 3538 der
975 3483 1082 3554 llapitcl
1107 3483 1267 3537 beschrt'mlrt
1288 3482 1401 3536 worden.
1437 3480 1470 3534 ln
1487 3479 1547 3534 dem

371 3567 429 3604 vom
442 3551 613 3621 Gegenlrdnig
621 3552 743 3607 Tanlrred
755 3553 806 3606 mit
816 3554 900 3624 Papst
911 3554 1028 3608 Cdloetin
1040 3553 1089 3608 ΙΠ.
1103 3557 1167 3608 1191
1181 3553 1380 3622 εοεοὴίοεεειιοῃ
1392 3550 1548 3606 Konkordat

371 3623 460 3676 werde
477 3623 616 3677 bestimmt
633 3623 791 3691 (Watterich
811 3641 835 3678 a.
853 3641 877 3678 a.
896 3623 927 3679 Ο.
946 3624 983 3691 11,
1002 3624 1080 3692 722):
1100 3624 1140 3677 De
1157 3623 1329 3678 electionibus
1347 3623 1375 3676 in
1393 3625 1449 3676 toto
1467 3637 1547 3690 regno

371 3691 452 3746 libere
470 3694 609 3760 iaciendis,
633 3694 674 3748 ita
692 3694 761 3764 quod
779 3695 850 3747 lacta
868 3694 960 3748 electio
978 3698 1160 3765 praesentetur
1177 3694 1251 3763 regi,
1276 3694 1319 3747 cui
1337 3710 1382 3747 rex
1400 3691 1548 3763 praestabit

372 3779 522 3830 assensum,
540 3765 610 3818 nisi
628 3765 761 3819 electus
779 3768 875 3818 esset
893 3765 932 3818 de
949 3764 1192 3835 proditoribus
1210 3764 1260 3819 vel
1278 3765 1374 3818 notis
1392 3761 1547 3816 inimicis

293 3837 305 3850 ‘
371 3837 404 3886 et
426 3835 518 3888 tales
543 3835 654 3888 dictus
678 3851 766 3906 papa
790 3834 833 3888 ad
857 3834 957 3904 regis
980 3835 1190 3888 instantiam
1214 3834 1426 3905 reprobabit.
1471 3832 1546 3886 Noch

372 3905 476 3959 weltere
486 3905 678 3959 Konnessiouen
696 3923 728 3959 au
747 3904 867 3959 Gunstcn
885 3905 1130 3960 derWahlfreiheit
1147 3906 1266 3974 erlangte
1285 3905 1413 3958 Innoosnn
1429 3903 1478 3958 111.
1497 3919 1547 3958 von

372 3974 419 4028 der
436 3975 559 4029 Kaisarin
577 3976 727 4030 Konstance
748 3981 830 4031 1198:
861 3975 928 4029 Sede
952 3978 1062 4030 vacante
1086 3976 1231 4047 capitulum
1249 3974 1411 4044 significabit
1428 3974 1501 4029 robis
1519 3977 1548 4028 et

371 4047 467 4100 restris
491 4046 649 4100 haeredibus
674 4046 775 4100 abitum
801 4046 952 4100 decessoris.
988 4047 1090 4101 Deinde
1115 4046 1296 4100 convenientes
1317 4047 1346 4100 in
1369 4062 1451 4100 unum
1474 4086 1480 4099 .
1505 4085 1512 4098 .
1538 4087 1545 4099 .

371 4116 471 4184 eligent
488 4117 611 4171 canonice
622 4133 760 4186 personam
778 4117 907 4182 idoneam,
926 4117 968 4170 cui
986 4117 1143 4187 requisitum
1161 4133 1178 4170 a
1195 4117 1268 4170 robis
1282 4117 1409 4199 praebere
1428 4114 1546 4170 debeatis

372 4203 516 4255 assensum,
527 4190 556 4242 ct
567 4187 719 4241 electionem
731 4187 829 4241 factam
841 4205 893 4241 non
905 4187 1029 4241 different
1039 4187 1180 4258 publicare.
1205 4186 1366 4240 Elecbonem
1378 4203 1437 4241 vero
1449 4187 1547 4240 factam

371 4260 400 4311 et
416 4258 578 4328 publicatam
597 4257 793 4312 denuntiabunt
810 4258 884 4311 vobis
900 4260 930 4311 et
949 4261 1065 4312 vestrum
1082 4257 1217 4328 requirent
1234 4274 1378 4313 assensum.
1406 4257 1457 4312 Sed
1475 4259 1548 4310 ante

372 4345 451 4398 quam
464 4345 586 4382 assensus
597 4329 686 4396 regius
700 4328 858 4398 requiratur,
876 4345 928 4382 non
940 4329 1133 4382 inthronicctru
1143 4329 1241 4382 electura
1261 4369 1267 4382 .
1287 4370 1294 4383 .
1314 4370 1321 4383 .
1340 4345 1388 4382 nec
1405 4330 1547 4397 antequam

372 4400 531 4453 auctoritate
547 4399 694 4468 pontificali
711 4399 792 4452 luerit
809 4399 990 4466 confirmatus,
1009 4397 1233 4452 administrationi
1252 4414 1280 4452 se
1299 4398 1431 4452 ullatenus
1448 4398 1548 4452 immis-

372 4469 510 4541 cebitlllp.
522 4469 580 4524 Inn.
589 4469 640 4525 ΠΙ.
653 4469 688 4524 ad
697 4469 786 4525 Cenat
799 4470 821 4538 1,
833 4469 1003 4538 ‹1113Migne
1015 4469 1037 4538 I,
1049 4473 1124 4539 389).
1142 4469 1287 4524 Hinschius
1299 4485 1323 4524 a.
1336 4485 1360 4526 a
1373 4469 1451 4537 0.11,
1465 4473 1516 4525 594
1528 4468 1546 4524 i.
