3617 5284
385 535 450 600 256

382 706 669 789 partemdneat
673 705 1002 771 usoonoessimus
1007 703 1563 789 ,prememoratnmarehiapisoopnm

381 791 573 876 Phylippnm
593 791 734 876 portione
754 790 811 854 illa
832 790 973 869 dueatus,
1002 811 1057 856 sue
1080 791 1193 857 collata
1215 791 1350 869 eeclesia,
1372 790 1512 855 vexillo
1503 809 1562 856 um·

383 878 493 961 periali
514 878 716 961 solempniter
736 877 962 942 investivimus.

466 964 557 1030 Hane
584 965 682 1047 igitur
710 962 883 1044 legitimam
912 966 1017 1028 nostre
1046 961 1219 1028 maiestatis
1241 961 1440 1027 donationem
1462 961 1524 1027 et
1514 981 1562 1026 rn-

381 1050 565 1115 vestituram
581 1047 757 1116 Coloniensi
779 1048 906 1114 euolesie
930 1053 961 1114 et
976 1048 1129 1132 sepediotu
1144 1048 1274 1132 prinoipi
1287 1051 1393 1114 nostro
1409 1048 1560 1133 Phylippo

381 1137 607 1220 archiepiscopo
637 1134 843 1217 omnibusque
870 1136 937 1200 suis
968 1134 1197 1200 suecessoribus
1227 1134 1446 1200 oonfirmamus
1475 1137 1506 1199 at
1529 1135 1562 1198 ιιι

382 1241 475 1288 omne
496 1222 688 1306 posteritatis
710 1239 819 1285 eurum
839 1221 884 1286 eis
910 1224 1012 1286 ratam
1038 1239 1219 1304 permanere
1248 1221 1400 1298 volentes,
1429 1221 1561 1304 nequis

257 1307 261 1311 ’
381 1327 451 1373 eam
473 1327 554 1373 ausu
575 1306 740 1372 temerario
761 1306 929 1388 infringere
943 1308 992 1372 vel
1008 1306 1238 1390 quomodolibet
1258 1306 1372 1371 violare
1395 1308 1562 1390 attempta·

381 1394 501 1471 verit,
492 1393 647 1478 imperiali
669 1392 770 1457 adiuta
791 1393 969 1458 inhibemus
991 1395 1023 1457 et
1009 1393 1125 1457 thano
1145 1394 1285 1456 nostram
1300 1393 1561 1471 constitutionem,

379 1483 524 1563 presente
537 1415 714 1564 pprivilegi0
745 1497 839 1543 aurea
865 1479 1045 1544 expellentis
1074 1481 1179 1544 nostre
1202 1478 1288 1543 bulla
1308 1478 1466 1560 insignito,
1496 1497 1561 1543 oor-

380 1567 562 1631 roburamus
592 1563 779 1641 audientiae,
807 1565 942 1630 testibus
973 1565 1144 1642 annotatis,
1174 1565 1229 1647 qui
1256 1563 1330 1628 huia
1357 1563 1438 1629 faulo
1465 1564 1561 1629 inter-

380 1652 518 1715 fuerunt.
494 1650 647 1716 tSunt
675 1652 782 1714 autam
810 1650 870 1714 hii.
900 1650 1057 1715 Arnuldns
1085 1649 1275 1714 Iiaviremis
1304 1649 1437 1714 arohie
1428 1669 1560 1734 rsoopns,

380 1737 564 1802 Wiomanus
591 1735 868 1818 Magdeburgansis
897 1736 1029 1800 arohie'
1020 1755 1159 1819 rsoupm,
1192 1734 1376 1801 Cuonradns
1405 1669 1560 1802 gumbur-

380 1823 484 1905 gensis
526 1822 786 1905 arehiepisoopus‚
826 1821 959 1886 Sifiidus
991 1757 1170 1886 Bremensis
1205 1821 1337 1899 elnotus,
1377 1820 1559 1887 Cuonradus

380 1909 618 1973 Wurmatiansis
634 1908 804 1992 episeopus,
824 1907 1002 1972 Ruodulius
1016 1906 1195 1972 Leodiensis
1211 1907 1380 1992 episeopus,
1402 1906 1561 1972 Bertram·

379 2014 451 2059 mus
467 1995 616 2059 Metensis
631 1994 802 2077 episeopus,
823 1993 980 2058 Arnoldus
1001 1993 1249 2076 Osnaburgensis
1266 1993 1435 2076 episeopus,
1458 1993 1560 2060 Ouan-

379 2080 476 2145 radus
509 2080 605 2145 abbas
637 2079 811 2154 Fnldensis,
843 2078 974 2145 Adolius
1008 2079 1103 2144 abbas
1136 2078 1382 2155 Hersfeldemis‚
1413 2080 1559 2146 Lutarius

379 2167 555 2250 prepositus
576 2165 763 2241 Bunnensis,
785 2165 968 2230 Ludeviens
989 2165 1147 2247 palatinus
1171 2164 1301 2230 Saxonis
1327 2169 1360 2229 at
1381 2166 1559 2248 langravius

378 2251 600 2334 Thuringie*),
628 2250 831 2315 Bernhardus
863 2250 925 2315 dux
954 2249 1114 2315 Westfalie
1143 2253 1176 2315 et
1197 2251 1348 2332 Angarie,
1378 2250 1558 2318 Gotefridns

379 2339 442 2403 dux
456 2338 666 2418 lotharingie,
687 2335 861 2408 Itideriaus
879 2336 943 2400 dux
959 2336 1078 2415 Suevie,
1102 2335 1177 2403 Otto
1191 2336 1328 2401 marohiu
1343 2336 1382 2400 de
1397 2337 1558 2404 Brandan-

378 2425 463 2501 bure,
492 2423 677 2488 deodericus
706 2422 844 2487 marchio
873 2422 913 2486 de
935 2422 1039 2499 Lusis,
1066 2421 1153 2488 Dedo
1184 2441 1287 2487 eomes
1311 2421 1348 2486 de
1371 2423 1480 2500 Graiu,
1510 2425 1559 2490 Si-

378 2510 477 2574 didus
492 2528 595 2575 comes
617 2508 656 2572 de
672 2507 871 2585 Orlumunde,
893 2507 1053 2572 Rubertus
1071 2527 1174 2573 eomes
1197 2507 1235 2572 da
1250 2507 1406 2585 Naasave,
1427 2509 1557 2576 Emieho

380 2615 483 2661 eomes
516 2595 554 2659 de
583 2594 743 2676 Liningen,
776 2594 984 2675 Engelbertus
1017 2613 1120 2659 eomes
1153 2593 1191 2658 de
1218 2593 1339 2670 Monte,
1372 2595 1557 2661 Teoderious

379 2701 482 2747 eomes
504 2681 542 2745 de
557 2680 705 2757 Hostade,
728 2678 885 2744 Gerardus
908 2697 1011 2744 nomes
1033 2679 1071 2744 de
1088 2680 1256 2756 Nuorbero,
1277 2679 1431 2744 Henrious
1454 2699 1557 2747 eomes

379 2768 418 2832 da
437 2768 602 2848 Amsberg,
624 2765 824 2830 Hermannus
846 2785 949 2830 eomes
971 2765 1009 2830 de
1031 2765 1198 2848 Haisburg,
1220 2765 1372 2830 Henrious
1395 2784 1498 2833 eomes
1520 2767 1558 2833 de

378 2854 457 2929 Kuo,
471 2853 641 2917 Wemerus
662 2871 765 2917 eomes
781 2853 819 2916 de
830 2851 1084 2930 Wittiahinstein,
1106 2851 1324 2916 Widdilrindus
1340 2852 1378 2917 ds
1389 2852 1557 2932 waleove,

378 2939 553 3004 Friderious
575 2938 614 3002 du
636 2937 789 3014 adsurde,
811 2937 1027 3003 Hartmunnns
1049 2937 1088 3002 da
1110 2937 1203 3002 Buot'
1194 2938 1296 3020 ragin,
1327 2937 1496 3004 Wernerus
1519 2941 1556 3006 da

379 3025 555 3103 Bonlande,
581 3023 742 3089 Cunradus
763 3024 926 3107 pinearua,
955 3023 1120 3088 Heinrious
1142 3023 1330 3087 marsoulous
1360 3023 1399 3088 de
1421 3023 1557 3110 Bappin-

379 3111 470 3188 heim,
493 3109 605 3175 Sibodo
628 3110 666 3174 de
689 3110 783 3175 Groix
804 3110 1001 3186 temerarius,
1024 3112 1056 3174 et
1078 3109 1129 3174 ulii
1152 3109 1382 3192 quamplures.

430 3195 597 3296 Signum
637 3195 743 3262 damni
782 3195 929 3260 Frideriei
968 3197 1181 3260 Romanorum
1222 3195 1418 3282 imperatoris
1461 3197 1557 3264 invio-

379 3273 504 3346 tissimi.

463 3368 529 3449 Ego
564 3367 741 3433 Gotefridus
775 3367 944 3451 imperialis
979 3368 1049 3432 aule
1082 3367 1285 3433 oauoallarins
1314 3368 1380 3433 viae
1410 3366 1556 3433 Gristiani

376 3453 561 3552 Maguntrne
593 3452 676 3518 sedis
704 3453 932 3539 arehieposoopi
966 3457 998 3518 et
1026 3453 1192 3518 Germania
1221 3453 1480 3520 arahioanoellarii
1508 3472 1556 3518 re·

377 3560 412 3606 oo
457 3559 515 3604 οιι.

414 3559 541 3691 gnArata
571 3630 646 3688 snut
674 3623 732 3688 heo
757 3643 837 3688 annu
867 3623 1019 3689 dominioe
1048 3624 1271 3690 incarnationis
1293 3626 1428 3702 mclxxx,
1456 3625 1555 3691 indiu-

376 3713 461 3776 tione
493 3709 586 3787 XIII,
625 3713 777 3791 regnante
809 3710 964 3776 Friderioo
997 3711 1209 3775 Romanorum
1242 3710 1428 3794 imperatore
1460 3711 1556 3776 invio-

377 3798 512 3874 tissime,
543 3814 623 3861 anno
650 3795 739 3878 regni
770 3796 836 3861 eius
865 3796 986 3875 XXIX,
1014 3796 1136 3880 imperii
1166 3815 1237 3861 vero
1267 3795 1388 3874 XXVI,
1417 3795 1555 3863 feliciter.

376 3887 488 3950 Amen

462 3969 582 4034 Datum
607 3969 641 4032 in
667 3968 819 4052 solempni
842 3968 928 4033 ouria
950 3968 1158 4048 Gelenhusin,
1186 3969 1218 4034 in
1248 3967 1401 4035 territurio
1422 3969 1556 4052 Magnu-

375 4056 450 4131 tino,
471 4055 580 4118 Idibus
601 4054 725 4137 Aprilis.

464 4140 501 4192 Zu
514 4139 540 4192 ιι
557 4137 617 4192 siud
634 4138 756 4220 fulgenda
768 4137 869 4193 Stellen
885 4155 933 4192 aus
947 4138 997 4193 dan
1010 4138 1154 4210 Scriptores
1168 4157 1213 4194 aur
1224 4139 1399 4209 Vergleiuhun
1431 4140 1556 4196 harannu·

375 4210 480 4292 ιιοιιοιι·
494 4208 610 4263 Annales
622 4209 717 4276 Pegav'
694 4208 851 4276 vrensesGd.
864 4208 896 4263 G.
909 4209 954 4262 SS.
967 4209 1039 4276 XVI,
1050 4211 1142 4281 2691.)
1156 4211 1301 4265 adannnm
1314 4215 1396 4266 1179:
1390 4158 1448 4266 {m
1483 4215 1555 4266 rator

375 4281 475 4334 auriam
492 4281 521 4333 ιιι
538 4279 623 4333 natali
641 4281 727 4334 sancti
739 4279 865 4334 Iohannis
876 4279 1015 4351 Baptistae
1033 4283 1088 4349 (24.
1101 4282 1164 4336 Juni
1167 4283 1175 4351 )
1189 4281 1432 4350 Magdabureh
1470 4283 1553 4349 abuit,

378 4405 587 4413 ———--

447 4454 472 4520 *)
491 4446 599 4507 Warum
617 4454 667 4508 hat
684 4453 770 4508 dieser
788 4453 877 4507 seinan
895 4453 970 4508 Platz
990 4472 1035 4510 vor
1052 4456 1102 4510 den
1121 4455 1273 4526 Harndgan?
