<?xml version="1.0" encoding="UTF-8"?>
<!DOCTYPE html PUBLIC "-//W3C//DTD XHTML 1.0 Transitional//EN"
    "http://www.w3.org/TR/xhtml1/DTD/xhtml1-transitional.dtd">
<html xmlns="http://www.w3.org/1999/xhtml" xml:lang="en" lang="en">
 <head>
  <title>
</title>
<meta http-equiv="Content-Type" content="text/html;charset=utf-8" />
  <meta name='ocr-system' content='tesseract 3.04.00' />
  <meta name='ocr-capabilities' content='ocr_page ocr_carea ocr_par ocr_line ocrx_word'/>
</head>
<body>
  <div class='ocr_page' id='page_1' title='image "./monumentagerman01dbgoog_0295.png"; bbox 0 0 3617 5284; ppageno 0'>
   <div class='ocr_carea' id='block_1_1' title="bbox 384 561 448 624">
    <p class='ocr_par' dir='ltr' id='par_1_1' title="bbox 384 561 448 624">
     <span class='ocr_line' id='line_1_1' title="bbox 384 561 448 624; baseline 0 0"><span class='ocrx_word' id='word_1_1' title='bbox 384 561 448 624; x_wconf 77' lang='lat'>208</span> 
     </span>
    </p>
   </div>
   <div class='ocr_carea' id='block_1_2' title="bbox 383 730 1565 3135">
    <p class='ocr_par' dir='ltr' id='par_1_2' title="bbox 383 730 1562 1589">
     <span class='ocr_line' id='line_1_2' title="bbox 468 730 1560 816; baseline 0.001 -21"><span class='ocrx_word' id='word_1_2' title='bbox 468 731 618 796; x_wconf 78' lang='lat' dir='ltr'><strong>Exhibuit</strong></span> <span class='ocrx_word' id='word_1_3' title='bbox 640 732 735 796; x_wconf 91' lang='lat' dir='ltr'>ctiam</span> <span class='ocrx_word' id='word_1_4' title='bbox 757 731 931 815; x_wconf 82' lang='lat' dir='ltr'>praedictas</span> <span class='ocrx_word' id='word_1_5' title='bbox 952 733 1081 797; x_wconf 87' lang='lat' dir='ltr'>nuntios</span> <span class='ocrx_word' id='word_1_6' title='bbox 1102 731 1185 814; x_wconf 86' lang='lat' dir='ltr'>regis</span> <span class='ocrx_word' id='word_1_7' title='bbox 1200 730 1339 814; x_wconf 80' lang='lat' dir='ltr'>Augias,</span> <span class='ocrx_word' id='word_1_8' title='bbox 1361 733 1414 814; x_wconf 88' lang='lat' dir='ltr'>qui</span> <span class='ocrx_word' id='word_1_9' title='bbox 1436 732 1468 797; x_wconf 93' lang='lat' dir='ltr'>in</span> <span class='ocrx_word' id='word_1_10' title='bbox 1489 751 1560 816; x_wconf 89' lang='lat' dir='ltr'>per·</span> 
     </span>
     <span class='ocr_line' id='line_1_3' title="bbox 384 816 1562 901; baseline 0.001 -19"><span class='ocrx_word' id='word_1_11' title='bbox 384 836 461 882; x_wconf 90' lang='lat' dir='ltr'>sena</span> <span class='ocrx_word' id='word_1_12' title='bbox 482 817 563 898; x_wconf 87' lang='lat' dir='ltr'>regis</span> <span class='ocrx_word' id='word_1_13' title='bbox 579 818 709 899; x_wconf 86' lang='lat' dir='ltr'>Angliae</span> <span class='ocrx_word' id='word_1_14' title='bbox 729 816 851 901; x_wconf 92' lang='lat' dir='ltr'>publice</span> <span class='ocrx_word' id='word_1_15' title='bbox 866 837 971 883; x_wconf 89' lang='lat' dir='ltr'>ecram</span> <span class='ocrx_word' id='word_1_16' title='bbox 985 817 1128 882; x_wconf 86' lang='lat' dir='ltr'>omnibus</span> <span class='ocrx_word' id='word_1_17' title='bbox 1149 819 1339 894; x_wconf 79' lang='lat' dir='ltr'>iuraverunt,</span> <span class='ocrx_word' id='word_1_18' title='bbox 1360 818 1451 900; x_wconf 79' lang='lat' dir='ltr'>quod,</span> <span class='ocrx_word' id='word_1_19' title='bbox 1473 817 1562 901; x_wconf 90' lang='lat' dir='ltr'>quid-</span> 
     </span>
     <span class='ocr_line' id='line_1_4' title="bbox 383 902 1561 988; baseline 0 -21"><span class='ocrx_word' id='word_1_20' title='bbox 383 902 458 986; x_wconf 85' lang='lat' dir='ltr'>quid</span> <span class='ocrx_word' id='word_1_21' title='bbox 485 903 653 988; x_wconf 90' lang='lat' dir='ltr'>imperatcr</span> <span class='ocrx_word' id='word_1_22' title='bbox 681 923 774 988; x_wconf 90' lang='lat' dir='ltr'>super</span> <span class='ocrx_word' id='word_1_23' title='bbox 800 904 859 968; x_wconf 91' lang='lat' dir='ltr'>hcc</span> <span class='ocrx_word' id='word_1_24' title='bbox 887 923 921 969; x_wconf 89' lang='lat' dir='ltr'>se</span> <span class='ocrx_word' id='word_1_25' title='bbox 951 906 1149 969; x_wconf 80' lang='lat' dir='ltr'>servaturum</span> <span class='ocrx_word' id='word_1_26' title='bbox 1170 903 1331 981; x_wconf 87' lang='lat' dir='ltr'>iuraverit,</span> <span class='ocrx_word' id='word_1_27' title='bbox 1353 904 1419 987; x_wconf 89' lang='lat' dir='ltr'>ipse</span> <span class='ocrx_word' id='word_1_28' title='bbox 1440 923 1561 987; x_wconf 87' lang='lat' dir='ltr'>qnoque</span> 
     </span>
     <span class='ocr_line' id='line_1_5' title="bbox 384 989 1562 1074; baseline 0 -21"><span class='ocrx_word' id='word_1_29' title='bbox 384 989 503 1054; x_wconf 77' lang='lat' dir='ltr'>tenebit</span> <span class='ocrx_word' id='word_1_30' title='bbox 528 989 660 1054; x_wconf 89' lang='lat' dir='ltr'>firmiter</span> <span class='ocrx_word' id='word_1_31' title='bbox 687 991 720 1053; x_wconf 90' lang='lat' dir='ltr'>et</span> <span class='ocrx_word' id='word_1_32' title='bbox 746 989 888 1055; x_wconf 81' lang='lat' dir='ltr'>servabit.</span> <span class='ocrx_word' id='word_1_33' title='bbox 941 989 993 1055; x_wconf 86' lang='lat' dir='ltr'>Sic</span> <span class='ocrx_word' id='word_1_34' title='bbox 1020 1008 1092 1072; x_wconf 87' lang='lat' dir='ltr'>erge</span> <span class='ocrx_word' id='word_1_35' title='bbox 1120 989 1243 1073; x_wconf 85' lang='lat' dir='ltr'>propria</span> <span class='ocrx_word' id='word_1_36' title='bbox 1268 1007 1364 1053; x_wconf 83' lang='lat' dir='ltr'>rnarru</span> <span class='ocrx_word' id='word_1_37' title='bbox 1393 990 1562 1074; x_wconf 84' lang='lat' dir='ltr'>imperator</span> 
     </span>
     <span class='ocr_line' id='line_1_6' title="bbox 384 1074 1562 1159; baseline 0 -20"><span class='ocrx_word' id='word_1_38' title='bbox 384 1075 599 1159; x_wconf 89' lang='lat' dir='ltr'>supradictum</span> <span class='ocrx_word' id='word_1_39' title='bbox 619 1074 776 1159; x_wconf 86' lang='lat' dir='ltr'>praestitit</span> <span class='ocrx_word' id='word_1_40' title='bbox 797 1075 1022 1154; x_wconf 90' lang='lat' dir='ltr'>iuramentum,</span> <span class='ocrx_word' id='word_1_41' title='bbox 1050 1093 1086 1140; x_wconf 91' lang='lat' dir='ltr'>ec</span> <span class='ocrx_word' id='word_1_42' title='bbox 1112 1079 1219 1140; x_wconf 88' lang='lat' dir='ltr'>tamen</span> <span class='ocrx_word' id='word_1_43' title='bbox 1243 1074 1434 1140; x_wconf 86' lang='lat' dir='ltr'>adverbum</span> <span class='ocrx_word' id='word_1_44' title='bbox 1463 1076 1562 1141; x_wconf 88' lang='lat' dir='ltr'>archi·</span> 
     </span>
     <span class='ocr_line' id='line_1_7' title="bbox 384 1160 1561 1245; baseline 0.001 -20"><span class='ocrx_word' id='word_1_45' title='bbox 384 1161 518 1245; x_wconf 77' lang='lat' dir='ltr'>episcopi</span> <span class='ocrx_word' id='word_1_46' title='bbox 540 1160 816 1244; x_wconf 83' lang='lat' dir='ltr'>Magdeburgensis</span> <span class='ocrx_word' id='word_1_47' title='bbox 838 1161 1057 1240; x_wconf 86' lang='lat' dir='ltr'>determinate,</span> <span class='ocrx_word' id='word_1_48' title='bbox 1083 1165 1127 1238; x_wconf 80' lang='lat' dir='ltr'>nt,</span> <span class='ocrx_word' id='word_1_49' title='bbox 1150 1162 1176 1226; x_wconf 87' lang='lat' dir='ltr'>si</span> <span class='ocrx_word' id='word_1_50' title='bbox 1198 1179 1252 1226; x_wconf 86' lang='lat' dir='ltr'>ves</span> <span class='ocrx_word' id='word_1_51' title='bbox 1275 1164 1308 1225; x_wconf 90' lang='lat' dir='ltr'>et</span> <span class='ocrx_word' id='word_1_52' title='bbox 1329 1161 1561 1227; x_wconf 85' lang='lat' dir='ltr'>schismaticum</span> 
     </span>
     <span class='ocr_line' id='line_1_8' title="bbox 384 1246 1562 1330; baseline 0.001 -20"><span class='ocrx_word' id='word_1_53' title='bbox 384 1247 474 1310; x_wconf 89' lang='lat' dir='ltr'>illum</span> <span class='ocrx_word' id='word_1_54' title='bbox 504 1246 614 1311; x_wconf 91' lang='lat' dir='ltr'>ecdem</span> <span class='ocrx_word' id='word_1_55' title='bbox 641 1249 781 1330; x_wconf 88' lang='lat' dir='ltr'>tempore</span> <span class='ocrx_word' id='word_1_56' title='bbox 810 1247 894 1312; x_wconf 88' lang='lat' dir='ltr'>obire</span> <span class='ocrx_word' id='word_1_57' title='bbox 921 1247 1114 1330; x_wconf 84' lang='lat' dir='ltr'>contingeret</span> <span class='ocrx_word' id='word_1_58' title='bbox 1143 1249 1176 1311; x_wconf 88' lang='lat' dir='ltr'>et</span> <span class='ocrx_word' id='word_1_59' title='bbox 1204 1246 1375 1312; x_wconf 73' lang='lat' dir='ltr'>cardinales</span> <span class='ocrx_word' id='word_1_60' title='bbox 1399 1248 1562 1330; x_wconf 88' lang='lat' dir='ltr'>utriusque</span> 
     </span>
     <span class='ocr_line' id='line_1_9' title="bbox 384 1332 1561 1416; baseline 0 -18"><span class='ocrx_word' id='word_1_61' title='bbox 384 1333 483 1416; x_wconf 89' lang='lat' dir='ltr'>partis</span> <span class='ocrx_word' id='word_1_62' title='bbox 504 1332 537 1396; x_wconf 92' lang='lat' dir='ltr'>in</span> <span class='ocrx_word' id='word_1_63' title='bbox 553 1333 687 1416; x_wconf 78' lang='lat' dir='ltr'>aliquem</span> <span class='ocrx_word' id='word_1_64' title='bbox 709 1333 899 1398; x_wconf 87' lang='lat' dir='ltr'>unanimiter</span> <span class='ocrx_word' id='word_1_65' title='bbox 921 1333 1127 1410; x_wconf 81' lang='lat' dir='ltr'>convenirent,</span> <span class='ocrx_word' id='word_1_66' title='bbox 1149 1333 1282 1398; x_wconf 89' lang='lat' dir='ltr'>liberum</span> <span class='ocrx_word' id='word_1_67' title='bbox 1304 1333 1362 1397; x_wconf 87' lang='lat' dir='ltr'>eibi</span> <span class='ocrx_word' id='word_1_68' title='bbox 1385 1338 1468 1398; x_wconf 88' lang='lat' dir='ltr'>essct</span> <span class='ocrx_word' id='word_1_69' title='bbox 1490 1353 1561 1398; x_wconf 90' lang='lat' dir='ltr'>eum</span> 
     </span>
     <span class='ocr_line' id='line_1_10' title="bbox 385 1418 1560 1504; baseline 0 -22"><span class='ocrx_word' id='word_1_70' title='bbox 385 1418 534 1502; x_wconf 88' lang='lat' dir='ltr'>recipere,</span> <span class='ocrx_word' id='word_1_71' title='bbox 561 1419 589 1483; x_wconf 87' lang='lat' dir='ltr'>si</span> <span class='ocrx_word' id='word_1_72' title='bbox 617 1421 724 1483; x_wconf 88' lang='lat' dir='ltr'>tumen</span> <span class='ocrx_word' id='word_1_73' title='bbox 752 1457 794 1466; x_wconf 92' lang='lat'><em>-</em></span> <span class='ocrx_word' id='word_1_74' title='bbox 824 1419 908 1501; x_wconf 88' lang='lat' dir='ltr'>qued</span> <span class='ocrx_word' id='word_1_75' title='bbox 930 1420 1055 1501; x_wconf 89' lang='lat' dir='ltr'>quidem</span> <span class='ocrx_word' id='word_1_76' title='bbox 1078 1418 1269 1485; x_wconf 61' lang='lat' dir='ltr'>(boloniensis</span> <span class='ocrx_word' id='word_1_77' title='bbox 1292 1418 1363 1484; x_wconf 88' lang='lat' dir='ltr'>iecit</span> <span class='ocrx_word' id='word_1_78' title='bbox 1385 1419 1498 1504; x_wconf 90' lang='lat' dir='ltr'>apponi</span> <span class='ocrx_word' id='word_1_79' title='bbox 1520 1457 1560 1466; x_wconf 93' lang='lat'>—</span> 
     </span>
     <span class='ocr_line' id='line_1_11' title="bbox 385 1503 1298 1589; baseline 0.001 -21"><span class='ocrx_word' id='word_1_80' title='bbox 385 1506 424 1569; x_wconf 91' lang='lat' dir='ltr'>de</span> <span class='ocrx_word' id='word_1_81' title='bbox 447 1503 643 1588; x_wconf 87' lang='lat' dir='ltr'>imperatoris</span> <span class='ocrx_word' id='word_1_82' title='bbox 666 1523 797 1569; x_wconf 88' lang='lat' dir='ltr'>assensu</span> <span class='ocrx_word' id='word_1_83' title='bbox 819 1505 928 1570; x_wconf 91' lang='lat' dir='ltr'>eadem</span> <span class='ocrx_word' id='word_1_84' title='bbox 951 1505 1058 1570; x_wconf 90' lang='lat' dir='ltr'>electio</span> <span class='ocrx_word' id='word_1_85' title='bbox 1080 1505 1298 1589; x_wconf 81' lang='lat' dir='ltr'>preveniret*)</span> 
     </span>
    </p>

    <p class='ocr_par' dir='ltr' id='par_1_3' title="bbox 385 1590 1565 3135">
     <span class='ocr_line' id='line_1_12' title="bbox 470 1590 1562 1675; baseline 0.001 -21"><span class='ocrx_word' id='word_1_86' title='bbox 470 1590 589 1655; x_wconf 89' lang='lat' dir='ltr'>Deinde</span> <span class='ocrx_word' id='word_1_87' title='bbox 612 1591 666 1672; x_wconf 91' lang='lat' dir='ltr'>qui</span> <span class='ocrx_word' id='word_1_88' title='bbox 687 1593 867 1674; x_wconf 80' lang='lat' dir='ltr'>praesentes</span> <span class='ocrx_word' id='word_1_89' title='bbox 890 1593 980 1655; x_wconf 88' lang='lat' dir='ltr'>erant</span> <span class='ocrx_word' id='word_1_90' title='bbox 1001 1590 1168 1675; x_wconf 77' lang='lat' dir='ltr'>principes,</span> <span class='ocrx_word' id='word_1_91' title='bbox 1203 1592 1284 1655; x_wconf 89' lang='lat' dir='ltr'>sicut</span> <span class='ocrx_word' id='word_1_92' title='bbox 1317 1609 1410 1666; x_wconf 85' lang='lat' dir='ltr'>supra</span> <span class='ocrx_word' id='word_1_93' title='bbox 1443 1590 1562 1655; x_wconf 90' lang='lat' dir='ltr'>dictum</span> 
     </span>
     <span class='ocr_line' id='line_1_13' title="bbox 385 1675 1562 1760; baseline 0.001 -20"><span class='ocrx_word' id='word_1_94' title='bbox 385 1679 441 1752; x_wconf 70' lang='lat' dir='ltr'>est,</span> <span class='ocrx_word' id='word_1_95' title='bbox 464 1695 558 1741; x_wconf 90' lang='lat' dir='ltr'>sunm</span> <span class='ocrx_word' id='word_1_96' title='bbox 571 1675 753 1760; x_wconf 85' lang='lat' dir='ltr'>praestitere</span> <span class='ocrx_word' id='word_1_97' title='bbox 768 1676 884 1759; x_wconf 80' lang='lat' dir='ltr'>singuli</span> <span class='ocrx_word' id='word_1_98' title='bbox 898 1677 1118 1742; x_wconf 87' lang='lat' dir='ltr'>iuramentum</span> <span class='ocrx_word' id='word_1_99' title='bbox 1155 1675 1235 1742; x_wconf 85' lang='lat' dir='ltr'>Cum</span> <span class='ocrx_word' id='word_1_100' title='bbox 1250 1695 1321 1742; x_wconf 89' lang='lat' dir='ltr'>vero</span> <span class='ocrx_word' id='word_1_101' title='bbox 1344 1677 1383 1740; x_wconf 89' lang='lat' dir='ltr'>ad</span> <span class='ocrx_word' id='word_1_102' title='bbox 1407 1677 1562 1760; x_wconf 85' lang='lat' dir='ltr'>episcopos</span> 
     </span>
     <span class='ocr_line' id='line_1_14' title="bbox 385 1762 1563 1862; baseline 0 -35"><span class='ocrx_word' id='word_1_103' title='bbox 385 1765 515 1827; x_wconf 88' lang='lat' dir='ltr'>ventum</span> <span class='ocrx_word' id='word_1_104' title='bbox 547 1765 632 1828; x_wconf 83' lang='lat' dir='ltr'>esset</span> <span class='ocrx_word' id='word_1_105' title='bbox 664 1762 863 1845; x_wconf 89' lang='lat' dir='ltr'>dicerentque</span> <span class='ocrx_word' id='word_1_106' title='bbox 899 1781 1020 1840; x_wconf 88' lang='lat' dir='ltr'>omnes,</span> <span class='ocrx_word' id='word_1_107' title='bbox 1058 1765 1183 1862; x_wconf 81' lang='lat' dir='ltr'>excepte</span> <span class='ocrx_word' id='word_1_108' title='bbox 1217 1762 1381 1840; x_wconf 78' lang='lat' dir='ltr'>verdensi,</span> <span class='ocrx_word' id='word_1_109' title='bbox 1417 1763 1496 1828; x_wconf 88' lang='lat' dir='ltr'>velle</span> <span class='ocrx_word' id='word_1_110' title='bbox 1529 1782 1563 1828; x_wconf 92' lang='lat' dir='ltr'>se</span> 
     </span>
     <span class='ocr_line' id='line_1_15' title="bbox 386 1848 1564 1932; baseline 0.002 -20"><span class='ocrx_word' id='word_1_111' title='bbox 386 1848 492 1932; x_wconf 87' lang='lat' dir='ltr'>petius</span> <span class='ocrx_word' id='word_1_112' title='bbox 513 1849 669 1930; x_wconf 84' lang='lat' dir='ltr'>regalibus</span> <span class='ocrx_word' id='word_1_113' title='bbox 691 1848 812 1926; x_wconf 85' lang='lat' dir='ltr'>cedere,</span> <span class='ocrx_word' id='word_1_114' title='bbox 841 1866 937 1930; x_wconf 91' lang='lat' dir='ltr'>qnam</span> <span class='ocrx_word' id='word_1_115' title='bbox 964 1848 1142 1914; x_wconf 75' lang='lat' dir='ltr'>huiusmodi</span> <span class='ocrx_word' id='word_1_116' title='bbox 1171 1850 1366 1913; x_wconf 90' lang='lat' dir='ltr'>sacramenta</span> <span class='ocrx_word' id='word_1_117' title='bbox 1396 1851 1564 1932; x_wconf 87' lang='lat' dir='ltr'>praestare,</span> 
     </span>
     <span class='ocr_line' id='line_1_16' title="bbox 385 1935 1564 2102; baseline 0.003 -105"><span class='ocrx_word' id='word_1_118' title='bbox 385 1953 570 2102; x_wconf 54' lang='lat' dir='ltr'>rctaspggffim</span> <span class='ocrx_word' id='word_1_119' title='bbox 584 1935 701 2083; x_wconf 60' lang='lat' dir='ltr'>esttineis</span> <span class='ocrx_word' id='word_1_120' title='bbox 723 1937 863 2085; x_wconf 58' lang='lat' dir='ltr'>cpgrterc</span> <span class='ocrx_word' id='word_1_121' title='bbox 878 1953 939 2012; x_wconf 87' lang='lat' dir='ltr'>ees,</span> <span class='ocrx_word' id='word_1_122' title='bbox 961 1935 1078 2085; x_wconf 47' lang='lat' dir='ltr'>vegletnt</span> <span class='ocrx_word' id='word_1_123' title='bbox 1091 1935 1218 2085; x_wconf 49' lang='lat' dir='ltr'>npllpnt</span> <span class='ocrx_word' id='word_1_124' title='bbox 1233 1935 1564 2084; x_wconf 47' lang='lat' dir='ltr'>ithmmeqmm&#39;smr&#39;h</span> 
     </span>
     <span class='ocr_line' id='line_1_17' title="bbox 385 2037 1549 2086; baseline 0 -2"><span class='ocrx_word' id='word_1_125' title='bbox 385 2039 455 2084; x_wconf 91' lang='lat' dir='ltr'>cr</span> <span class='ocrx_word' id='word_1_126' title='bbox 537 2038 610 2084; x_wconf 90' lang='lat' dir='ltr'>are</span> <span class='ocrx_word' id='word_1_127' title='bbox 658 2039 718 2084; x_wconf 89' lang='lat' dir='ltr'>erc.</span> <span class='ocrx_word' id='word_1_128' title='bbox 784 2039 969 2084; x_wconf 83' lang='lat' dir='ltr'>rneeum</span> <span class='ocrx_word' id='word_1_129' title='bbox 1014 2039 1107 2085; x_wconf 90' lang='lat' dir='ltr'>ene</span> <span class='ocrx_word' id='word_1_130' title='bbox 1177 2039 1235 2084; x_wconf 89' lang='lat' dir='ltr'>auc</span> <span class='ocrx_word' id='word_1_131' title='bbox 1292 2037 1549 2086; x_wconf 82' lang='lat' dir='ltr'>manmcruravr</span> 
     </span>
     <span class='ocr_line' id='line_1_18' title="bbox 385 2039 1564 2189; baseline 0.002 -20"><span class='ocrx_word' id='word_1_132' title='bbox 385 2106 505 2189; x_wconf 89' lang='lat' dir='ltr'>primus</span> <span class='ocrx_word' id='word_1_133' title='bbox 520 2039 881 2187; x_wconf 42' lang='lat' dir='ltr'>Magdeburgensiafflub</span> <span class='ocrx_word' id='word_1_134' title='bbox 895 2125 934 2171; x_wconf 90' lang='lat' dir='ltr'>ea</span> <span class='ocrx_word' id='word_1_135' title='bbox 948 2109 1055 2171; x_wconf 87' lang='lat' dir='ltr'>tamen</span> <span class='ocrx_word' id='word_1_136' title='bbox 1070 2041 1251 2184; x_wconf 60' lang='lat' dir='ltr'>ccndhtiene</span> <span class='ocrx_word' id='word_1_137' title='bbox 1268 2106 1294 2170; x_wconf 89' lang='lat' dir='ltr'>si</span> <span class='ocrx_word' id='word_1_138' title='bbox 1310 2125 1417 2171; x_wconf 88' lang='lat' dir='ltr'>omnes</span> <span class='ocrx_word' id='word_1_139' title='bbox 1433 2106 1493 2184; x_wconf 89' lang='lat' dir='ltr'>alii,</span> <span class='ocrx_word' id='word_1_140' title='bbox 1509 2107 1564 2189; x_wconf 86' lang='lat' dir='ltr'>qui</span> 
     </span>
     <span class='ocr_line' id='line_1_19' title="bbox 387 2191 1563 2275; baseline 0.002 -20"><span class='ocrx_word' id='word_1_141' title='bbox 387 2193 523 2269; x_wconf 73' lang='lat' dir='ltr'>aberant</span> <span class='ocrx_word' id='word_1_142' title='bbox 547 2197 651 2256; x_wconf 88' lang='lat' dir='ltr'>essent</span> <span class='ocrx_word' id='word_1_143' title='bbox 672 2193 766 2256; x_wconf 91' lang='lat' dir='ltr'>simul</span> <span class='ocrx_word' id='word_1_144' title='bbox 779 2192 925 2268; x_wconf 88' lang='lat' dir='ltr'>iuraturi,</span> <span class='ocrx_word' id='word_1_145' title='bbox 948 2195 979 2256; x_wconf 90' lang='lat' dir='ltr'>et</span> <span class='ocrx_word' id='word_1_146' title='bbox 1001 2191 1084 2275; x_wconf 89' lang='lat' dir='ltr'>qued</span> <span class='ocrx_word' id='word_1_147' title='bbox 1106 2193 1227 2256; x_wconf 87' lang='lat' dir='ltr'>solutus</span> <span class='ocrx_word' id='word_1_148' title='bbox 1250 2195 1333 2256; x_wconf 89' lang='lat' dir='ltr'>esset</span> <span class='ocrx_word' id='word_1_149' title='bbox 1347 2210 1366 2255; x_wconf 90' lang='lat' dir='ltr'>a</span> <span class='ocrx_word' id='word_1_150' title='bbox 1380 2192 1563 2267; x_wconf 79' lang='lat' dir='ltr'>iuramento,</span> 
     </span>
     <span class='ocr_line' id='line_1_20' title="bbox 388 2276 1563 2361; baseline 0.002 -21"><span class='ocrx_word' id='word_1_151' title='bbox 388 2296 582 2360; x_wconf 84' lang='lat' dir='ltr'>quecumque</span> <span class='ocrx_word' id='word_1_152' title='bbox 609 2279 749 2360; x_wconf 87' lang='lat' dir='ltr'>ternpore</span> <span class='ocrx_word' id='word_1_153' title='bbox 777 2276 933 2342; x_wconf 89' lang='lat' dir='ltr'>desineret</span> <span class='ocrx_word' id='word_1_154' title='bbox 964 2278 1081 2360; x_wconf 85' lang='lat' dir='ltr'>regalia</span> <span class='ocrx_word' id='word_1_155' title='bbox 1114 2277 1276 2354; x_wconf 88' lang='lat' dir='ltr'>possidere.</span> <span class='ocrx_word' id='word_1_156' title='bbox 1319 2277 1563 2361; x_wconf 87' lang='lat' dir='ltr'>Pamburgensia</span> 
     </span>
     <span class='ocr_line' id='line_1_21' title="bbox 386 2363 1564 2461; baseline 0 -33"><span class='ocrx_word' id='word_1_157' title='bbox 386 2381 458 2428; x_wconf 86' lang='lat' dir='ltr'>vere</span> <span class='ocrx_word' id='word_1_158' title='bbox 488 2363 648 2461; x_wconf 84' lang='lat' dir='ltr'>episcopus</span> <span class='ocrx_word' id='word_1_159' title='bbox 679 2367 750 2446; x_wconf 88' lang='lat' dir='ltr'>pest</span> <span class='ocrx_word' id='word_1_160' title='bbox 769 2364 887 2428; x_wconf 86' lang='lat' dir='ltr'>multas</span> <span class='ocrx_word' id='word_1_161' title='bbox 910 2365 943 2428; x_wconf 87' lang='lat' dir='ltr'>et</span> <span class='ocrx_word' id='word_1_162' title='bbox 964 2364 1064 2429; x_wconf 87' lang='lat' dir='ltr'>varias</span> <span class='ocrx_word' id='word_1_163' title='bbox 1087 2363 1299 2429; x_wconf 84' lang='lat' dir='ltr'>excusationes</span> <span class='ocrx_word' id='word_1_164' title='bbox 1322 2364 1367 2428; x_wconf 88' lang='lat' dir='ltr'>ita</span> <span class='ocrx_word' id='word_1_165' title='bbox 1386 2365 1446 2448; x_wconf 89' lang='lat' dir='ltr'>ipsi</span> <span class='ocrx_word' id='word_1_166' title='bbox 1466 2364 1564 2448; x_wconf 89' lang='lat' dir='ltr'>impe·</span> 
     </span>
     <span class='ocr_line' id='line_1_22' title="bbox 387 2449 1563 2532; baseline 0.002 -20"><span class='ocrx_word' id='word_1_167' title='bbox 387 2451 482 2514; x_wconf 83' lang='lat' dir='ltr'>reteri</span> <span class='ocrx_word' id='word_1_168' title='bbox 504 2450 628 2527; x_wconf 76' lang='lat' dir='ltr'>iuravit</span> <span class='ocrx_word' id='word_1_169' title='bbox 650 2449 740 2531; x_wconf 88' lang='lat' dir='ltr'>qued,</span> <span class='ocrx_word' id='word_1_170' title='bbox 762 2449 911 2532; x_wconf 88' lang='lat' dir='ltr'>quamdiu</span> <span class='ocrx_word' id='word_1_171' title='bbox 933 2449 1066 2514; x_wconf 87' lang='lat' dir='ltr'>veluerit</span> <span class='ocrx_word' id='word_1_172' title='bbox 1087 2449 1204 2532; x_wconf 83' lang='lat' dir='ltr'>regalia</span> <span class='ocrx_word' id='word_1_173' title='bbox 1226 2449 1368 2527; x_wconf 90' lang='lat' dir='ltr'>retinere,</span> <span class='ocrx_word' id='word_1_174' title='bbox 1390 2450 1563 2516; x_wconf 88' lang='lat' dir='ltr'>secundum</span> 
     </span>
     <span class='ocr_line' id='line_1_23' title="bbox 386 2534 1562 2620; baseline 0.002 -22"><span class='ocrx_word' id='word_1_175' title='bbox 386 2535 468 2617; x_wconf 88' lang='lat' dir='ltr'>qued</span> <span class='ocrx_word' id='word_1_176' title='bbox 480 2536 507 2599; x_wconf 88' lang='lat' dir='ltr'>ei</span> <span class='ocrx_word' id='word_1_177' title='bbox 524 2535 664 2618; x_wconf 87' lang='lat' dir='ltr'>proprius</span> <span class='ocrx_word' id='word_1_178' title='bbox 679 2553 791 2600; x_wconf 88' lang='lat' dir='ltr'>sensus</span> <span class='ocrx_word' id='word_1_179' title='bbox 814 2534 985 2613; x_wconf 68' lang='lat' dir='ltr'>dictaverit,</span> <span class='ocrx_word' id='word_1_180' title='bbox 1008 2535 1108 2600; x_wconf 90' lang='lat' dir='ltr'>eidem</span> <span class='ocrx_word' id='word_1_181' title='bbox 1123 2536 1301 2618; x_wconf 85' lang='lat' dir='ltr'>imperatori</span> <span class='ocrx_word' id='word_1_182' title='bbox 1324 2555 1417 2620; x_wconf 89' lang='lat' dir='ltr'>anper</span> <span class='ocrx_word' id='word_1_183' title='bbox 1437 2537 1562 2620; x_wconf 88' lang='lat' dir='ltr'>negotio</span> 
     </span>
     <span class='ocr_line' id='line_1_24' title="bbox 387 2621 1564 2692; baseline 0.002 -8"><span class='ocrx_word' id='word_1_184' title='bbox 387 2621 537 2685; x_wconf 74' lang='lat' dir='ltr'>auxilium</span> <span class='ocrx_word' id='word_1_185' title='bbox 559 2625 591 2684; x_wconf 91' lang='lat' dir='ltr'>et</span> <span class='ocrx_word' id='word_1_186' title='bbox 623 2621 788 2686; x_wconf 85' lang='lat' dir='ltr'>consilium</span> <span class='ocrx_word' id='word_1_187' title='bbox 819 2621 1017 2692; x_wconf 80' lang='lat' dir='ltr'>ministrabit</span> <span class='ocrx_word' id='word_1_188' title='bbox 1061 2621 1230 2686; x_wconf 89' lang='lat' dir='ltr'>Vardensis</span> <span class='ocrx_word' id='word_1_189' title='bbox 1260 2623 1292 2686; x_wconf 89' lang='lat' dir='ltr'>et</span> <span class='ocrx_word' id='word_1_190' title='bbox 1319 2622 1459 2687; x_wconf 87' lang='lat' dir='ltr'>intrusus</span> <span class='ocrx_word' id='word_1_191' title='bbox 1487 2622 1564 2686; x_wconf 92' lang='lat' dir='ltr'>Hal·</span> 
     </span>
     <span class='ocr_line' id='line_1_25' title="bbox 386 2705 1563 2784; baseline 0.002 -14"><span class='ocrx_word' id='word_1_192' title='bbox 386 2705 596 2771; x_wconf 87' lang='lat' dir='ltr'>herstadcnsis</span> <span class='ocrx_word' id='word_1_193' title='bbox 618 2707 766 2783; x_wconf 85' lang='lat' dir='ltr'>absolute,</span> <span class='ocrx_word' id='word_1_194' title='bbox 796 2708 880 2771; x_wconf 89' lang='lat' dir='ltr'>sicut</span> <span class='ocrx_word' id='word_1_195' title='bbox 901 2705 1100 2784; x_wconf 76' lang='lat' dir='ltr'>Coloniensis</span> <span class='ocrx_word' id='word_1_196' title='bbox 1125 2707 1314 2771; x_wconf 87' lang='lat' dir='ltr'>iuraverunt</span> <span class='ocrx_word' id='word_1_197' title='bbox 1358 2706 1563 2772; x_wconf 88' lang='lat' dir='ltr'>Virdnnensis</span> 
     </span>
     <span class='ocr_line' id='line_1_26' title="bbox 386 2793 1565 2877; baseline 0.002 -21"><span class='ocrx_word' id='word_1_198' title='bbox 386 2798 419 2856; x_wconf 88' lang='lat' dir='ltr'>et</span> <span class='ocrx_word' id='word_1_199' title='bbox 453 2793 675 2875; x_wconf 79' lang='lat' dir='ltr'>lhisingensis‚</span> <span class='ocrx_word' id='word_1_200' title='bbox 715 2811 771 2876; x_wconf 92' lang='lat' dir='ltr'>per</span> <span class='ocrx_word' id='word_1_201' title='bbox 803 2793 1102 2877; x_wconf 83' lang='lat' dir='ltr'>archiepiscoporum</span> <span class='ocrx_word' id='word_1_202' title='bbox 1137 2811 1265 2858; x_wconf 88' lang='lat' dir='ltr'>sncmm</span> <span class='ocrx_word' id='word_1_203' title='bbox 1303 2793 1476 2859; x_wconf 88' lang='lat' dir='ltr'>absentiam</span> <span class='ocrx_word' id='word_1_204' title='bbox 1512 2813 1565 2858; x_wconf 85' lang='lat' dir='ltr'>ex·</span> 
     </span>
     <span class='ocr_line' id='line_1_27' title="bbox 386 2878 1564 2957; baseline 0.002 -15"><span class='ocrx_word' id='word_1_205' title='bbox 386 2878 495 2955; x_wconf 85' lang='lat' dir='ltr'>euasti,</span> <span class='ocrx_word' id='word_1_206' title='bbox 516 2878 729 2943; x_wconf 89' lang='lat' dir='ltr'>iuramentum</span> <span class='ocrx_word' id='word_1_207' title='bbox 743 2878 844 2943; x_wconf 87' lang='lat' dir='ltr'>iacere</span> <span class='ocrx_word' id='word_1_208' title='bbox 860 2878 991 2943; x_wconf 91' lang='lat' dir='ltr'>minime</span> <span class='ocrx_word' id='word_1_209' title='bbox 1005 2885 1080 2943; x_wconf 86' lang='lat' dir='ltr'>sunt</span> <span class='ocrx_word' id='word_1_210' title='bbox 1094 2878 1200 2956; x_wconf 71' lang='lat' dir='ltr'>ccccii,</span> <span class='ocrx_word' id='word_1_211' title='bbox 1222 2879 1285 2956; x_wconf 89' lang='lat' dir='ltr'>sed,</span> <span class='ocrx_word' id='word_1_212' title='bbox 1307 2879 1416 2944; x_wconf 86' lang='lat' dir='ltr'>habita</span> <span class='ocrx_word' id='word_1_213' title='bbox 1429 2879 1564 2957; x_wconf 83' lang='lat' dir='ltr'>licentia,</span> 
     </span>
     <span class='ocr_line' id='line_1_28' title="bbox 387 2963 1562 3049; baseline 0.002 -21"><span class='ocrx_word' id='word_1_214' title='bbox 387 2964 481 3029; x_wconf 89' lang='lat' dir='ltr'>libere</span> <span class='ocrx_word' id='word_1_215' title='bbox 509 2963 548 3028; x_wconf 92' lang='lat' dir='ltr'>ad</span> <span class='ocrx_word' id='word_1_216' title='bbox 574 2964 699 3047; x_wconf 87' lang='lat' dir='ltr'>propria</span> <span class='ocrx_word' id='word_1_217' title='bbox 726 2963 899 3042; x_wconf 89' lang='lat' dir='ltr'>redierunt,</span> <span class='ocrx_word' id='word_1_218' title='bbox 929 2983 1027 3047; x_wconf 91' lang='lat' dir='ltr'>usque</span> <span class='ocrx_word' id='word_1_219' title='bbox 1056 2964 1097 3030; x_wconf 92' lang='lat' dir='ltr'>ad</span> <span class='ocrx_word' id='word_1_220' title='bbox 1118 2963 1234 3028; x_wconf 89' lang='lat' dir='ltr'>iestum</span> <span class='ocrx_word' id='word_1_221' title='bbox 1255 2965 1418 3030; x_wconf 88' lang='lat' dir='ltr'>beatorum</span> <span class='ocrx_word' id='word_1_222' title='bbox 1440 2969 1562 3049; x_wconf 82' lang='lat' dir='ltr'>aposte-</span> 
     </span>
     <span class='ocr_line' id='line_1_29' title="bbox 386 3049 1315 3135; baseline 0.002 -22"><span class='ocrx_word' id='word_1_223' title='bbox 386 3051 488 3114; x_wconf 92' lang='lat' dir='ltr'>lcrum</span> <span class='ocrx_word' id='word_1_224' title='bbox 508 3049 594 3114; x_wconf 90' lang='lat' dir='ltr'>Petri</span> <span class='ocrx_word' id='word_1_225' title='bbox 616 3054 649 3115; x_wconf 90' lang='lat' dir='ltr'>et</span> <span class='ocrx_word' id='word_1_226' title='bbox 668 3050 760 3115; x_wconf 87' lang='lat' dir='ltr'>Pauli</span> <span class='ocrx_word' id='word_1_227' title='bbox 782 3050 840 3115; x_wconf 92' lang='lat' dir='ltr'>sibi</span> <span class='ocrx_word' id='word_1_228' title='bbox 862 3051 1021 3115; x_wconf 86' lang='lat' dir='ltr'>licentiam</span> <span class='ocrx_word' id='word_1_229' title='bbox 1041 3051 1315 3135; x_wconf 88' lang='lat' dir='ltr'>impetrantes.**)</span> 
     </span>
    </p>
   </div>
   <div class='ocr_carea' id='block_1_3' title="bbox 385 3208 1565 4553">
    <p class='ocr_par' dir='ltr' id='par_1_4' title="bbox 385 3208 1565 3830">
     <span class='ocr_line' id='line_1_30' title="bbox 386 3208 1561 3278; baseline 0.002 -16"><span class='ocrx_word' id='word_1_230' title='bbox 386 3209 432 3262; x_wconf 88' lang='lat' dir='ltr'>des</span> <span class='ocrx_word' id='word_1_231' title='bbox 450 3208 558 3263; x_wconf 85' lang='lat' dir='ltr'>Kaisers</span> <span class='ocrx_word' id='word_1_232' title='bbox 575 3209 718 3263; x_wconf 84' lang='lat' dir='ltr'>velluiehen</span> <span class='ocrx_word' id='word_1_233' title='bbox 735 3210 807 3278; x_wconf 87' lang='lat' dir='ltr'>lieaa,</span> <span class='ocrx_word' id='word_1_234' title='bbox 835 3209 900 3264; x_wconf 86' lang='lat' dir='ltr'>wird</span> <span class='ocrx_word' id='word_1_235' title='bbox 918 3210 994 3266; x_wconf 90' lang='lat' dir='ltr'>nicht</span> <span class='ocrx_word' id='word_1_236' title='bbox 1011 3211 1082 3264; x_wconf 85' lang='lat' dir='ltr'>blcss</span> <span class='ocrx_word' id='word_1_237' title='bbox 1101 3211 1185 3264; x_wconf 83' lang='lat' dir='ltr'>durch</span> <span class='ocrx_word' id='word_1_238' title='bbox 1205 3211 1248 3265; x_wconf 90' lang='lat' dir='ltr'>die</span> <span class='ocrx_word' id='word_1_239' title='bbox 1266 3210 1440 3264; x_wconf 82' lang='lat' dir='ltr'>unmittslhar</span> <span class='ocrx_word' id='word_1_240' title='bbox 1458 3227 1561 3264; x_wconf 86' lang='lat' dir='ltr'>vorans·</span> 
     </span>
     <span class='ocr_line' id='line_1_31' title="bbox 419 3279 1563 3350; baseline 0.002 -17"><span class='ocrx_word' id='word_1_241' title='bbox 419 3279 504 3334; x_wconf 85' lang='lat' dir='ltr'>hande</span> <span class='ocrx_word' id='word_1_242' title='bbox 521 3279 606 3334; x_wconf 84' lang='lat' dir='ltr'>Haltn</span> <span class='ocrx_word' id='word_1_243' title='bbox 660 3279 809 3334; x_wconf 78' lang='lat' dir='ltr'>Friedrichs</span> <span class='ocrx_word' id='word_1_244' title='bbox 836 3281 915 3334; x_wconf 86' lang='lat' dir='ltr'>sewie</span> <span class='ocrx_word' id='word_1_245' title='bbox 944 3280 1026 3335; x_wconf 85' lang='lat' dir='ltr'>durch</span> <span class='ocrx_word' id='word_1_246' title='bbox 1054 3281 1097 3336; x_wconf 88' lang='lat' dir='ltr'>die</span> <span class='ocrx_word' id='word_1_247' title='bbox 1123 3281 1215 3335; x_wconf 88' lang='lat' dir='ltr'>raache</span> <span class='ocrx_word' id='word_1_248' title='bbox 1241 3280 1488 3350; x_wconf 79' lang='lat' dir='ltr'>Auteinanderfclgc</span> <span class='ocrx_word' id='word_1_249' title='bbox 1514 3297 1563 3335; x_wconf 86' lang='lat' dir='ltr'>ven</span> 
     </span>
     <span class='ocr_line' id='line_1_32' title="bbox 472 3349 1565 3434; baseline 0 -30"><span class='ocrx_word' id='word_1_250' title='bbox 472 3351 533 3404; x_wconf 89' lang='lat' dir='ltr'>bnis</span> <span class='ocrx_word' id='word_1_251' title='bbox 551 3350 605 3404; x_wconf 86' lang='lat' dir='ltr'>und</span> <span class='ocrx_word' id='word_1_252' title='bbox 649 3349 693 3405; x_wconf 90' lang='lat' dir='ltr'>ahl</span> <span class='ocrx_word' id='word_1_253' title='bbox 706 3351 812 3420; x_wconf 82' lang='lat' dir='ltr'>(Vihtcr</span> <span class='ocrx_word' id='word_1_254' title='bbox 829 3353 902 3406; x_wconf 88' lang='lat' dir='ltr'>starb</span> <span class='ocrx_word' id='word_1_255' title='bbox 922 3369 965 3406; x_wconf 87' lang='lat' dir='ltr'>am</span> <span class='ocrx_word' id='word_1_256' title='bbox 984 3351 1059 3406; x_wconf 79' lang='lat' dir='ltr'>20.A</span> <span class='ocrx_word' id='word_1_257' title='bbox 1079 3351 1112 3405; x_wconf 90' lang='lat' dir='ltr'>ril</span> <span class='ocrx_word' id='word_1_258' title='bbox 1124 3355 1191 3406; x_wconf 78' lang='lat'>1164</span> <span class='ocrx_word' id='word_1_259' title='bbox 1211 3351 1353 3419; x_wconf 80' lang='lat' dir='ltr'>auLukka,</span> <span class='ocrx_word' id='word_1_260' title='bbox 1372 3367 1415 3406; x_wconf 85' lang='lat' dir='ltr'>am</span> <span class='ocrx_word' id='word_1_261' title='bbox 1434 3355 1475 3406; x_wconf 80' lang='lat'>22.</span> <span class='ocrx_word' id='word_1_262' title='bbox 1488 3351 1565 3434; x_wconf 79' lang='lat' dir='ltr'>April</span> 
     </span>
     <span class='ocr_line' id='line_1_33' title="bbox 387 3420 1563 3491; baseline 0.002 -17"><span class='ocrx_word' id='word_1_263' title='bbox 387 3421 475 3475; x_wconf 88' lang='lat' dir='ltr'>wurde</span> <span class='ocrx_word' id='word_1_264' title='bbox 499 3420 684 3476; x_wconf 86' lang='lat' dir='ltr'>abendaselbst</span> <span class='ocrx_word' id='word_1_265' title='bbox 700 3421 814 3476; x_wconf 85' lang='lat' dir='ltr'>Paschai</span> <span class='ocrx_word' id='word_1_266' title='bbox 837 3422 963 3490; x_wconf 73' lang='lat' dir='ltr'>gewiihlt</span> <span class='ocrx_word' id='word_1_267' title='bbox 990 3422 1037 3476; x_wconf 93' lang='lat' dir='ltr'>der</span> <span class='ocrx_word' id='word_1_268' title='bbox 1098 3423 1149 3476; x_wconf 90' lang='lat' dir='ltr'>&#39;ser</span> <span class='ocrx_word' id='word_1_269' title='bbox 1173 3422 1259 3476; x_wconf 81' lang='lat' dir='ltr'>weiltc</span> <span class='ocrx_word' id='word_1_270' title='bbox 1283 3421 1389 3488; x_wconf 70' lang='lat' dir='ltr'>camus,</span> <span class='ocrx_word' id='word_1_271' title='bbox 1411 3422 1439 3476; x_wconf 92' lang='lat' dir='ltr'>in</span> <span class='ocrx_word' id='word_1_272' title='bbox 1456 3423 1563 3491; x_wconf 83' lang='lat' dir='ltr'>Paua!)</span> 
     </span>
     <span class='ocr_line' id='line_1_34' title="bbox 387 3491 1563 3563; baseline 0.003 -19"><span class='ocrx_word' id='word_1_273' title='bbox 387 3491 514 3546; x_wconf 88' lang='lat' dir='ltr'>inncrlich</span> <span class='ocrx_word' id='word_1_274' title='bbox 537 3491 633 3545; x_wconf 85' lang='lat' dir='ltr'>bbehst</span> <span class='ocrx_word' id='word_1_275' title='bbox 654 3492 880 3560; x_wconf 85' lang='lat' dir='ltr'>uahrseheinlich,</span> <span class='ocrx_word' id='word_1_276' title='bbox 904 3493 1017 3547; x_wconf 89' lang='lat' dir='ltr'>sendarn</span> <span class='ocrx_word' id='word_1_277' title='bbox 1041 3491 1109 3546; x_wconf 85' lang='lat' dir='ltr'>auch</span> <span class='ocrx_word' id='word_1_278' title='bbox 1135 3493 1306 3563; x_wconf 82' lang='lat' dir='ltr'>auderwsitig</span> <span class='ocrx_word' id='word_1_279' title='bbox 1329 3493 1467 3562; x_wconf 72' lang='lat' dir='ltr'>bestitigt</span> <span class='ocrx_word' id='word_1_280' title='bbox 1502 3492 1563 3563; x_wconf 81' lang='lat' dir='ltr'>Vgl.</span> 
     </span>
     <span class='ocr_line' id='line_1_35' title="bbox 385 3561 1564 3632; baseline 0.001 -17"><span class='ocrx_word' id='word_1_281' title='bbox 385 3561 479 3616; x_wconf 68' lang='lat' dir='ltr'>dicier</span> <span class='ocrx_word' id='word_1_282' title='bbox 496 3579 521 3617; x_wconf 88' lang='lat' dir='ltr'>a.</span> <span class='ocrx_word' id='word_1_283' title='bbox 540 3580 564 3618; x_wconf 89' lang='lat' dir='ltr'>a.</span> <span class='ocrx_word' id='word_1_284' title='bbox 583 3562 614 3617; x_wconf 93' lang='lat'>0.</span> <span class='ocrx_word' id='word_1_285' title='bbox 639 3563 735 3617; x_wconf 79' lang='lat' dir='ltr'>Zusatr</span> <span class='ocrx_word' id='word_1_286' title='bbox 753 3568 778 3619; x_wconf 85' lang='lat'>3.</span> <span class='ocrx_word' id='word_1_287' title='bbox 815 3562 856 3617; x_wconf 93' lang='lat' dir='ltr'>0h</span> <span class='ocrx_word' id='word_1_288' title='bbox 877 3563 974 3632; x_wconf 86' lang='lat' dir='ltr'>jedcch</span> <span class='ocrx_word' id='word_1_289' title='bbox 998 3563 1134 3617; x_wconf 76' lang='lat' dir='ltr'>Friedrich</span> <span class='ocrx_word' id='word_1_290' title='bbox 1159 3563 1230 3618; x_wconf 88' lang='lat' dir='ltr'>dicsc</span> <span class='ocrx_word' id='word_1_291' title='bbox 1253 3563 1393 3618; x_wconf 86' lang='lat' dir='ltr'>inhaltlich</span> <span class='ocrx_word' id='word_1_292' title='bbox 1420 3561 1564 3632; x_wconf 87' lang='lat' dir='ltr'>allerdings</span> 
     </span>
     <span class='ocr_line' id='line_1_36' title="bbox 386 3633 1563 3703; baseline 0.001 -17"><span class='ocrx_word' id='word_1_293' title='bbox 386 3633 517 3702; x_wconf 88' lang='lat' dir='ltr'>richtigen</span> <span class='ocrx_word' id='word_1_294' title='bbox 535 3633 663 3702; x_wconf 84' lang='lat' dir='ltr'>Angahen</span> <span class='ocrx_word' id='word_1_295' title='bbox 687 3650 733 3687; x_wconf 84' lang='lat' dir='ltr'>rer</span> <span class='ocrx_word' id='word_1_296' title='bbox 757 3635 804 3688; x_wconf 89' lang='lat' dir='ltr'>der</span> <span class='ocrx_word' id='word_1_297' title='bbox 820 3634 1023 3703; x_wconf 83' lang='lat' dir='ltr'>Varaammhmg</span> <span class='ocrx_word' id='word_1_298' title='bbox 1048 3633 1167 3688; x_wconf 85' lang='lat' dir='ltr'>wirhlich</span> <span class='ocrx_word' id='word_1_299' title='bbox 1185 3634 1316 3703; x_wconf 79' lang='lat' dir='ltr'>gemacht,</span> <span class='ocrx_word' id='word_1_300' title='bbox 1344 3635 1377 3689; x_wconf 91' lang='lat' dir='ltr'>oh</span> <span class='ocrx_word' id='word_1_301' title='bbox 1395 3650 1424 3688; x_wconf 89' lang='lat' dir='ltr'>er</span> <span class='ocrx_word' id='word_1_302' title='bbox 1444 3633 1563 3688; x_wconf 80' lang='lat' dir='ltr'>wirhlich</span> 
     </span>
     <span class='ocr_line' id='line_1_37' title="bbox 387 3703 1565 3829; baseline 0.001 -72"><span class='ocrx_word' id='word_1_303' title='bbox 387 3703 430 3758; x_wconf 89' lang='lat' dir='ltr'>die</span> <span class='ocrx_word' id='word_1_304' title='bbox 447 3703 586 3829; x_wconf 51' lang='lat' dir='ltr'>pgiitg&#39;scha</span> <span class='ocrx_word' id='word_1_305' title='bbox 603 3703 732 3773; x_wconf 85' lang='lat' dir='ltr'>Kiagheit</span> <span class='ocrx_word' id='word_1_306' title='bbox 750 3705 826 3759; x_wconf 91' lang='lat' dir='ltr'>einen</span> <span class='ocrx_word' id='word_1_307' title='bbox 844 3704 1009 3775; x_wconf 80' lang='lat' dir='ltr'>Augenblicl</span> <span class='ocrx_word' id='word_1_308' title='bbox 1029 3721 1057 3758; x_wconf 88' lang='lat' dir='ltr'>sc</span> <span class='ocrx_word' id='word_1_309' title='bbox 1076 3705 1138 3759; x_wconf 82' lang='lat' dir='ltr'>weit</span> <span class='ocrx_word' id='word_1_310' title='bbox 1155 3721 1301 3774; x_wconf 83' lang='lat' dir='ltr'>vergessan,</span> <span class='ocrx_word' id='word_1_311' title='bbox 1328 3705 1396 3758; x_wconf 84' lang='lat' dir='ltr'>lisst</span> <span class='ocrx_word' id='word_1_312' title='bbox 1413 3705 1470 3760; x_wconf 86' lang='lat' dir='ltr'>sich</span> <span class='ocrx_word' id='word_1_313' title='bbox 1489 3703 1565 3758; x_wconf 86' lang='lat' dir='ltr'>nicht</span> 
     </span>
     <span class='ocr_line' id='line_1_38' title="bbox 386 3774 563 3830; baseline 0.011 -2"><span class='ocrx_word' id='word_1_314' title='bbox 386 3778 461 3828; x_wconf 83' lang='lat' dir='ltr'>sutae</span> <span class='ocrx_word' id='word_1_315' title='bbox 479 3774 503 3829; x_wconf 91' lang='lat' dir='ltr'>ei</span> <span class='ocrx_word' id='word_1_316' title='bbox 522 3792 563 3830; x_wconf 88' lang='lat' dir='ltr'>en.</span> 
     </span>
    </p>

    <p class='ocr_par' dir='ltr' id='par_1_5' title="bbox 385 3844 1565 4198">
     <span class='ocr_line' id='line_1_39' title="bbox 476 3844 1562 3914; baseline -0.002 -14"><span class='ocrx_word' id='word_1_317' title='bbox 476 3846 500 3914; x_wconf 74' lang='lat' dir='ltr'>*i</span> <span class='ocrx_word' id='word_1_318' title='bbox 519 3845 573 3900; x_wconf 84' lang='lat' dir='ltr'>Der</span> <span class='ocrx_word' id='word_1_319' title='bbox 590 3862 640 3899; x_wconf 86' lang='lat' dir='ltr'>ren</span> <span class='ocrx_word' id='word_1_320' title='bbox 651 3844 809 3900; x_wconf 87' lang='lat' dir='ltr'>Wichmann</span> <span class='ocrx_word' id='word_1_321' title='bbox 827 3847 989 3900; x_wconf 86' lang='lat' dir='ltr'>varanlaaste</span> <span class='ocrx_word' id='word_1_322' title='bbox 1002 3847 1097 3900; x_wconf 82' lang='lat' dir='ltr'>Zusate</span> <span class='ocrx_word' id='word_1_323' title='bbox 1115 3845 1169 3900; x_wconf 92' lang='lat' dir='ltr'>und</span> <span class='ocrx_word' id='word_1_324' title='bbox 1188 3845 1235 3900; x_wconf 87' lang='lat' dir='ltr'>der</span> <span class='ocrx_word' id='word_1_325' title='bbox 1252 3846 1289 3900; x_wconf 90' lang='lat' dir='ltr'>im</span> <span class='ocrx_word' id='word_1_326' title='bbox 1301 3845 1465 3900; x_wconf 79' lang='lat' dir='ltr'>Auschiusse</span> <span class='ocrx_word' id='word_1_327' title='bbox 1477 3845 1562 3899; x_wconf 89' lang='lat' dir='ltr'>daran</span> 
     </span>
     <span class='ocr_line' id='line_1_40' title="bbox 387 3915 1564 3986; baseline 0.001 -17"><span class='ocrx_word' id='word_1_328' title='bbox 387 3933 436 3970; x_wconf 86' lang='lat' dir='ltr'>ven</span> <span class='ocrx_word' id='word_1_329' title='bbox 454 3915 569 3970; x_wconf 84' lang='lat' dir='ltr'>Rainald</span> <span class='ocrx_word' id='word_1_330' title='bbox 585 3917 743 3986; x_wconf 75' lang='lat' dir='ltr'>hamtragte</span> <span class='ocrx_word' id='word_1_331' title='bbox 760 3916 907 3970; x_wconf 78' lang='lat' dir='ltr'>VcrbchaIt</span> <span class='ocrx_word' id='word_1_332' title='bbox 930 3917 1016 3971; x_wconf 90' lang='lat' dir='ltr'>iehlen</span> <span class='ocrx_word' id='word_1_333' title='bbox 1040 3915 1068 3972; x_wconf 91' lang='lat' dir='ltr'>in</span> <span class='ocrx_word' id='word_1_334' title='bbox 1087 3917 1134 3970; x_wconf 87' lang='lat' dir='ltr'>der</span> <span class='ocrx_word' id='word_1_335' title='bbox 1151 3932 1200 3970; x_wconf 88' lang='lat' dir='ltr'>ren</span> <span class='ocrx_word' id='word_1_336' title='bbox 1220 3917 1270 3971; x_wconf 89' lang='lat' dir='ltr'>dan</span> <span class='ocrx_word' id='word_1_337' title='bbox 1288 3916 1463 3971; x_wconf 85' lang='lat' dir='ltr'>kaiserlichen</span> <span class='ocrx_word' id='word_1_338' title='bbox 1481 3915 1564 3985; x_wconf 82' lang='lat' dir='ltr'>Ency-</span> 
     </span>
     <span class='ocr_line' id='line_1_41' title="bbox 387 3985 1565 4058; baseline -0.001 -18"><span class='ocrx_word' id='word_1_339' title='bbox 387 3987 476 4040; x_wconf 81' lang='lat' dir='ltr'>klilren</span> <span class='ocrx_word' id='word_1_340' title='bbox 494 3986 676 4041; x_wconf 83' lang='lat' dir='ltr'>tiberiieierten</span> <span class='ocrx_word' id='word_1_341' title='bbox 694 3986 872 4043; x_wconf 84' lang='lat' dir='ltr'>Eidesicrmal.</span> <span class='ocrx_word' id='word_1_342' title='bbox 909 3987 986 4042; x_wconf 89' lang='lat' dir='ltr'>Nach</span> <span class='ocrx_word' id='word_1_343' title='bbox 1004 3985 1230 4058; x_wconf 79' lang='lat' dir='ltr'>HeleieKnbpfler</span> <span class='ocrx_word' id='word_1_344' title='bbox 1247 4005 1271 4042; x_wconf 90' lang='lat' dir='ltr'>a.</span> <span class='ocrx_word' id='word_1_345' title='bbox 1291 4003 1314 4042; x_wconf 81' lang='lat' dir='ltr'>a</span> <span class='ocrx_word' id='word_1_346' title='bbox 1335 3985 1367 4042; x_wconf 91' lang='grc' dir='ltr'>Ο.</span> <span class='ocrx_word' id='word_1_347' title='bbox 1392 3991 1461 4040; x_wconf 70' lang='lat' dir='ltr'>ware</span> <span class='ocrx_word' id='word_1_348' title='bbox 1479 3985 1565 4040; x_wconf 84' lang='lat' dir='ltr'>dieser</span> 
     </span>
     <span class='ocr_line' id='line_1_42' title="bbox 387 4057 1565 4128; baseline -0.001 -16"><span class='ocrx_word' id='word_1_349' title='bbox 387 4058 477 4112; x_wconf 80' lang='lat' dir='ltr'>Pcmkt</span> <span class='ocrx_word' id='word_1_350' title='bbox 494 4058 562 4112; x_wconf 81' lang='lat' dir='ltr'>uehi</span> <span class='ocrx_word' id='word_1_351' title='bbox 581 4057 753 4128; x_wconf 81' lang='lat' dir='ltr'>aurSprache</span> <span class='ocrx_word' id='word_1_352' title='bbox 770 4058 899 4126; x_wconf 79' lang='lat' dir='ltr'>gebracht</span> <span class='ocrx_word' id='word_1_353' title='bbox 916 4058 971 4112; x_wconf 87' lang='lat' dir='ltr'>und</span> <span class='ocrx_word' id='word_1_354' title='bbox 983 4057 1115 4128; x_wconf 87' lang='lat' dir='ltr'>gebilligt,</span> <span class='ocrx_word' id='word_1_355' title='bbox 1134 4059 1197 4112; x_wconf 91' lang='lat' dir='ltr'>aber</span> <span class='ocrx_word' id='word_1_356' title='bbox 1214 4057 1254 4112; x_wconf 79' lang='lat' dir='ltr'>ul·</span> <span class='ocrx_word' id='word_1_357' title='bbox 1273 4057 1565 4112; x_wconf 78' lang='lat' dir='ltr'>selbstverstind·</span> 
     </span>
     <span class='ocr_line' id='line_1_43' title="bbox 385 4127 1191 4198; baseline 0.004 -17"><span class='ocrx_word' id='word_1_358' title='bbox 385 4127 456 4182; x_wconf 89' lang='lat' dir='ltr'>lich</span> <span class='ocrx_word' id='word_1_359' title='bbox 473 4129 550 4182; x_wconf 87' lang='lat' dir='ltr'>nicht</span> <span class='ocrx_word' id='word_1_360' title='bbox 566 4129 594 4181; x_wconf 92' lang='lat' dir='ltr'>in</span> <span class='ocrx_word' id='word_1_361' title='bbox 613 4127 656 4182; x_wconf 91' lang='lat' dir='ltr'>die</span> <span class='ocrx_word' id='word_1_362' title='bbox 674 4127 845 4184; x_wconf 85' lang='lat' dir='ltr'>Eidesicrmel</span> <span class='ocrx_word' id='word_1_363' title='bbox 863 4129 1061 4198; x_wconf 81' lang='lat' dir='ltr'>anigencmmsn</span> <span class='ocrx_word' id='word_1_364' title='bbox 1078 4128 1191 4184; x_wconf 78' lang='lat' dir='ltr'>werden.</span> 
     </span>
    </p>

    <p class='ocr_par' dir='ltr' id='par_1_6' title="bbox 387 4195 1565 4553">
     <span class='ocr_line' id='line_1_44' title="bbox 460 4195 1561 4270; baseline -0.001 -17"><span class='ocrx_word' id='word_1_365' title='bbox 460 4198 501 4268; x_wconf 80' lang='lat'>**)</span> <span class='ocrx_word' id='word_1_366' title='bbox 521 4197 692 4253; x_wconf 88' lang='lat' dir='ltr'>Giesshracht</span> <span class='ocrx_word' id='word_1_367' title='bbox 717 4199 777 4252; x_wconf 81' lang='lat' dir='ltr'>hiilt</span> <span class='ocrx_word' id='word_1_368' title='bbox 802 4216 831 4252; x_wconf 85' lang='lat' dir='ltr'>cs</span> <span class='ocrx_word' id='word_1_369' title='bbox 855 4199 925 4253; x_wconf 89' lang='lat' dir='ltr'>nach</span> <span class='ocrx_word' id='word_1_370' title='bbox 952 4199 999 4253; x_wconf 91' lang='lat' dir='ltr'>der</span> <span class='ocrx_word' id='word_1_371' title='bbox 1025 4199 1174 4268; x_wconf 90' lang='lat' dir='ltr'>damaligen</span> <span class='ocrx_word' id='word_1_372' title='bbox 1198 4195 1320 4270; x_wconf 71' lang='lat' dir='ltr'>Stallnng</span> <span class='ocrx_word' id='word_1_373' title='bbox 1347 4200 1394 4253; x_wconf 90' lang='lat' dir='ltr'>der</span> <span class='ocrx_word' id='word_1_374' title='bbox 1418 4198 1561 4253; x_wconf 84' lang='lat' dir='ltr'>deutschen</span> 
     </span>
     <span class='ocr_line' id='line_1_45' title="bbox 387 4268 1565 4339; baseline -0.001 -16"><span class='ocrx_word' id='word_1_375' title='bbox 387 4269 509 4324; x_wconf 85' lang='lat' dir='ltr'>Biachiiie</span> <span class='ocrx_word' id='word_1_376' title='bbox 535 4270 577 4323; x_wconf 76' lang='lat' dir='ltr'>ffir</span> <span class='ocrx_word' id='word_1_377' title='bbox 603 4269 688 4339; x_wconf 84' lang='lat' dir='ltr'>wenig</span> <span class='ocrx_word' id='word_1_378' title='bbox 716 4269 866 4339; x_wconf 87' lang='lat' dir='ltr'>glauhiich‚</span> <span class='ocrx_word' id='word_1_379' title='bbox 896 4269 959 4324; x_wconf 88' lang='lat' dir='ltr'>dass</span> <span class='ocrx_word' id='word_1_380' title='bbox 983 4270 1021 4324; x_wconf 90' lang='lat' dir='ltr'>sie</span> <span class='ocrx_word' id='word_1_381' title='bbox 1046 4287 1097 4323; x_wconf 92' lang='lat' dir='ltr'>nur</span> <span class='ocrx_word' id='word_1_382' title='bbox 1120 4271 1172 4324; x_wconf 89' lang='lat' dir='ltr'>mit</span> <span class='ocrx_word' id='word_1_383' title='bbox 1188 4269 1259 4323; x_wconf 88' lang='lat' dir='ltr'>einer</span> <span class='ocrx_word' id='word_1_384' title='bbox 1276 4269 1394 4339; x_wconf 83' lang='lat' dir='ltr'>einzigen</span> <span class='ocrx_word' id='word_1_385' title='bbox 1413 4268 1565 4323; x_wconf 83' lang='lat' dir='ltr'>Ausnahmc</span> 
     </span>
     <span class='ocr_line' id='line_1_46' title="bbox 387 4339 1565 4409; baseline -0.002 -15"><span class='ocrx_word' id='word_1_386' title='bbox 387 4339 445 4394; x_wconf 86' lang='lat' dir='ltr'>sich</span> <span class='ocrx_word' id='word_1_387' title='bbox 468 4341 553 4396; x_wconf 85' lang='lat' dir='ltr'>bereit</span> <span class='ocrx_word' id='word_1_388' title='bbox 569 4341 669 4394; x_wconf 78' lang='lat' dir='ltr'>erkidrt</span> <span class='ocrx_word' id='word_1_389' title='bbox 686 4341 773 4394; x_wconf 89' lang='lat' dir='ltr'>haben</span> <span class='ocrx_word' id='word_1_390' title='bbox 791 4341 886 4407; x_wconf 86' lang='lat' dir='ltr'>sellan,</span> <span class='ocrx_word' id='word_1_391' title='bbox 914 4341 956 4396; x_wconf 89' lang='lat' dir='ltr'>die</span> <span class='ocrx_word' id='word_1_392' title='bbox 971 4339 1098 4409; x_wconf 86' lang='lat' dir='ltr'>Regalian</span> <span class='ocrx_word' id='word_1_393' title='bbox 1118 4340 1288 4409; x_wconf 65' lang='lat' dir='ltr'>euangelica,</span> <span class='ocrx_word' id='word_1_394' title='bbox 1317 4357 1360 4394; x_wconf 90' lang='lat' dir='ltr'>um</span> <span class='ocrx_word' id='word_1_395' title='bbox 1379 4340 1438 4394; x_wconf 90' lang='lat' dir='ltr'>dem</span> <span class='ocrx_word' id='word_1_396' title='bbox 1457 4339 1565 4394; x_wconf 79' lang='lat' dir='ltr'>Schwm</span> 
     </span>
     <span class='ocr_line' id='line_1_47' title="bbox 388 4410 1564 4480; baseline -0.003 -14"><span class='ocrx_word' id='word_1_397' title='bbox 388 4411 590 4466; x_wconf 78' lang='lat' dir='ltr'>auamweichan.</span> <span class='ocrx_word' id='word_1_398' title='bbox 627 4412 743 4480; x_wconf 85' lang='lat' dir='ltr'>Wagner</span> <span class='ocrx_word' id='word_1_399' title='bbox 761 4427 784 4466; x_wconf 81' lang='lat' dir='ltr'>a</span> <span class='ocrx_word' id='word_1_400' title='bbox 804 4429 825 4465; x_wconf 88' lang='lat' dir='ltr'>a.</span> <span class='ocrx_word' id='word_1_401' title='bbox 846 4410 877 4467; x_wconf 93' lang='lat'>0.</span> <span class='ocrx_word' id='word_1_402' title='bbox 897 4411 923 4468; x_wconf 86' lang='lat' dir='ltr'>S.</span> <span class='ocrx_word' id='word_1_403' title='bbox 946 4416 980 4466; x_wconf 79' lang='lat' dir='ltr'>ib</span> <span class='ocrx_word' id='word_1_404' title='bbox 998 4410 1063 4465; x_wconf 91' lang='lat' dir='ltr'>heht</span> <span class='ocrx_word' id='word_1_405' title='bbox 1082 4410 1183 4478; x_wconf 85' lang='lat' dir='ltr'>herver,</span> <span class='ocrx_word' id='word_1_406' title='bbox 1202 4410 1264 4464; x_wconf 87' lang='lat' dir='ltr'>dass</span> <span class='ocrx_word' id='word_1_407' title='bbox 1282 4411 1310 4466; x_wconf 90' lang='lat' dir='ltr'>in</span> <span class='ocrx_word' id='word_1_408' title='bbox 1329 4410 1387 4465; x_wconf 87' lang='lat' dir='ltr'>dem</span> <span class='ocrx_word' id='word_1_409' title='bbox 1406 4411 1473 4465; x_wconf 81' lang='lat' dir='ltr'>Eida</span> <span class='ocrx_word' id='word_1_410' title='bbox 1484 4411 1564 4465; x_wconf 83' lang='lat' dir='ltr'>Eber-</span> 
     </span>
     <span class='ocr_line' id='line_1_48' title="bbox 387 4481 1560 4553; baseline 0 -17"><span class='ocrx_word' id='word_1_411' title='bbox 387 4482 469 4536; x_wconf 83' lang='lat' dir='ltr'>hards</span> <span class='ocrx_word' id='word_1_412' title='bbox 485 4482 521 4537; x_wconf 83' lang='lat' dir='ltr'>IL</span> <span class='ocrx_word' id='word_1_413' title='bbox 541 4500 564 4538; x_wconf 87' lang='lat' dir='ltr'>r.</span> <span class='ocrx_word' id='word_1_414' title='bbox 583 4482 715 4552; x_wconf 86' lang='lat' dir='ltr'>Bamberg</span> <span class='ocrx_word' id='word_1_415' title='bbox 738 4499 787 4537; x_wconf 75' lang='lat' dir='ltr'>scu</span> <span class='ocrx_word' id='word_1_416' title='bbox 804 4483 876 4538; x_wconf 87' lang='lat' dir='ltr'>einer</span> <span class='ocrx_word' id='word_1_417' title='bbox 892 4481 1093 4553; x_wconf 84' lang='lat' dir='ltr'>Varpflichtung</span> <span class='ocrx_word' id='word_1_418' title='bbox 1111 4498 1157 4536; x_wconf 82' lang='lat' dir='ltr'>cur</span> <span class='ocrx_word' id='word_1_419' title='bbox 1174 4481 1369 4551; x_wconf 78' lang='lat' dir='ltr'>Anerhennung</span> <span class='ocrx_word' id='word_1_420' title='bbox 1388 4481 1515 4537; x_wconf 87' lang='lat' dir='ltr'>Paschais</span> <span class='ocrx_word' id='word_1_421' title='bbox 1533 4499 1560 4536; x_wconf 90' lang='lat' dir='ltr'>u.</span> 
     </span>
    </p>
   </div>
   <div class='ocr_carea' id='block_1_4' title="bbox 0 0 1819 5284">
    <p class='ocr_par' dir='ltr' id='par_1_7' title="bbox 0 0 1819 5284">
     <span class='ocr_line' id='line_1_49' title="bbox 0 0 1819 5284; baseline 0 0"><span class='ocrx_word' id='word_1_422' title='bbox 0 0 1819 5284; x_wconf 95' lang='lat' dir='ltr'> </span> 
     </span>
    </p>
   </div>
  </div>
 </body>
</html>
