3617 5284
1395 579 1435 640 51

258 753 483 816 conuertuntur
504 751 694 815 declinantes
717 769 736 814 a
756 752 847 828 malo,
868 751 970 834 parati
992 750 1092 815 facere
1114 751 1239 814 bonum.
1274 749 1335 826 Sed
1352 750 1437 814 aliud

258 836 429 920 dampnum
450 840 576 901 veretur
597 838 688 919 longe
712 837 846 920 amplius
869 837 907 900 de
929 839 1128 902 conuersione
1152 837 1307 918 gentium,
1340 856 1438 919 quum

260 923 381 988 audiuit
400 923 628 1006 plenitudinem
650 941 758 986 earum
773 923 972 987 introituram
994 924 1026 987 et
1041 941 1166 986 omnem
1180 941 1304 1005 quoque
1318 923 1438 987 Israhel

260 1008 325 1074 tore
345 1009 542 1074 saluandum.
585 1008 653 1073 Hoc
675 1009 702 1073 ei
724 1029 808 1073 nunc
828 1011 953 1091 tempus
976 1007 1137 1073 imminere
1159 1009 1296 1086 ridetur,
1319 1012 1350 1073 et
1372 1012 1439 1074 tota

262 1094 370 1160 fraude
391 1095 529 1178 sathagit
542 1097 669 1160 versuta
683 1095 812 1171 malitia,
835 1094 1099 1176 quemadmodum
1120 1095 1226 1158 ohuiet
1247 1097 1334 1159 tanto
1349 1095 1437 1160 bono.

262 1180 435 1246 Suscitauit
454 1181 582 1264 proinde
604 1199 711 1245 semen
732 1199 869 1262 nequam
889 1181 969 1245 filios
991 1181 1155 1245 sceleratos
1177 1199 1328 1263 paganos
1351 1199 1438 1263 quos,

262 1270 299 1330 nt
326 1286 400 1350 pace
427 1272 532 1332 restra
553 1266 698 1342 dixerim,
727 1266 822 1330 nimis
844 1267 897 1330 diu
921 1266 1070 1330 sustinuit
1092 1266 1330 1330 christianorum
1352 1267 1438 1332 forti·

264 1353 340 1416 tudo
361 1352 530 1436 perniciose
545 1351 729 1416 insidiantes
744 1352 944 1417 dissimulans
959 1353 1101 1417 calcaneo
1117 1371 1172 1416 suo
1195 1372 1252 1418 neo
1277 1355 1439 1418 conterens

264 1439 365 1521 capita
394 1442 553 1503 venenata.
600 1437 661 1502 Sed
690 1439 764 1520 quia
793 1439 869 1502 dicit
897 1439 1066 1522 scriptura:
1100 1441 1182 1502 Ante
1213 1438 1336 1503 ruinam
1358 1440 1440 1503 exal-

263 1525 380 1589 tabitur
402 1544 472 1599 cor,
501 1524 556 1588 fiet
577 1543 649 1606 ergo
672 1524 729 1588 deo
750 1525 887 1600 volente,
917 1526 954 1588 ut
976 1543 1083 1588 eorum
1105 1524 1249 1607 superbia
1270 1525 1361 1590 citius
1382 1525 1441 1589 hu-

261 1610 399 1675 milietur
421 1617 453 1675 et
474 1628 536 1675 non
558 1612 683 1694 propter
704 1610 762 1674 hoc
776 1610 965 1693 impediatur
979 1611 1030 1676 ria
1043 1610 1329 1694 Iherosolymitana
1359 1610 1440 1690 Quia

263 1697 346 1760 enim
368 1697 498 1761 verbum
519 1696 578 1761 hcc
598 1696 697 1760 crucis
719 1697 869 1780 paruitati
883 1699 988 1761 nostre
1004 1697 1147 1760 dominus
1162 1697 1439 1778 euangelizandum

264 1783 427 1859 commisit
450 1782 576 1847 consilio
598 1781 714 1846 domini
735 1783 817 1864 regis
840 1785 872 1846 et
892 1783 1106 1865 episcoporum
1129 1785 1161 1845 et
1181 1783 1363 1866 principum,
1385 1783 1440 1866 qui

262 1871 471 1933 conuenerant
501 1868 750 1944 lhanlroncuort,
784 1868 1022 1944 denunciamus,
1056 1866 1169 1932 armari
1202 1869 1441 1934 christianorum

262 1956 355 2019 robur
383 1953 534 2018 aduersus
566 1953 636 2017 illos
669 1956 700 2016 et
727 1953 772 2018 ad
804 1954 995 2019 delendas
1027 1953 1195 2036 penitus
1228 1958 1299 2019 aut
1331 1958 1439 2020 certe

264 2039 568 2105 conuertendas
601 2038 792 2103 nationes
824 2040 917 2104 illas
950 2040 1074 2122 signum
1108 2039 1244 2105 salutare
1277 2041 1441 2124 suscipere,

263 2125 422 2191 eandem
450 2125 507 2190 eis
535 2125 823 2208 promittentes
845 2125 1145 2208 indulgentiam
1167 2129 1440 2208 peccatorum,

262 2231 380 2293 quam
403 2214 440 2277 et
461 2211 555 2288 hiis,
579 2211 644 2293 qui
661 2211 1124 2276 versnsIharosolimam
1147 2215 1242 2276 sunt
1262 2213 1440 2295 profecti.

262 2297 305 2361 Et
331 2297 424 2362 mulli
453 2297 578 2380 quidem
601 2297 715 2378 signati
738 2302 813 2362 sunt
834 2296 901 2380 ipso
923 2298 1003 2374 loco,
1032 2299 1149 2362 ceteros
1173 2299 1278 2361 autem
1301 2299 1340 2362 ad
1363 2317 1440 2382 opus

265 2383 365 2448 simile
381 2383 628 2467 prouocauimus,
650 2387 686 2446 ut
702 2385 756 2465 qui
771 2401 807 2446 er
823 2382 998 2447 christianis
1025 2383 1159 2447 necdum
1174 2382 1290 2464 signati
1314 2384 1441 2448 suntad

264 2469 345 2532 mam
367 2469 612 2544 Iberosclimam,
633 2469 778 2532 nouerint
793 2469 924 2532 eandem
939 2487 1007 2532 sese
1028 2468 1259 2549 indulgentiam
1273 2469 1334 2534 hac
1348 2469 1441 2553 adep

262 2557 350 2618 turos
365 2555 567 2638 expeditione,
589 2554 615 2618 si
638 2557 743 2618 tamen
764 2555 959 2636 prestiterint
981 2555 1013 2618 in
1036 2572 1073 2618 ea
1094 2572 1149 2638 pro
1173 2554 1301 2619 consilio
1325 2555 1441 2638 episco-

266 2659 377 2723 porum
391 2642 423 2705 et
437 2639 620 2724 principum.
655 2639 764 2703 Illud
781 2639 1441 2718 enimomnimodisinterdicimus,

266 2745 314 2789 ne
343 2745 420 2808 qua
447 2725 602 2791 ratione
630 2725 772 2789 ineant
798 2725 913 2790 fedus
936 2745 1018 2791 cum
1041 2727 1109 2802 eis,
1139 2742 1267 2807 neque
1288 2746 1355 2810 pro
1376 2747 1441 2809 pe-

268 2811 384 2876 cnnia
414 2830 541 2894 neque
572 2831 639 2894 pro
671 2811 836 2888 tributo,
869 2811 995 2876 donec
1024 2811 1247 2876 auxiliante
1278 2811 1346 2877 deo
1375 2815 1441 2878 aut

267 2897 373 2962 ritus
394 2899 478 2980 ipse
501 2900 568 2962 aut
593 2898 699 2962 natio
723 2897 916 2962 deleatur.
952 2895 1047 2960 Vobis
1070 2915 1144 2961 sane
1165 2896 1322 2979 loquimur
1344 2899 1442 2963 archi-

268 2983 418 3066 episcopis
446 2987 478 3048 et
505 2983 692 3067 coepiscopis
721 2982 846 3060 vestris,
876 2983 1018 3067 opponite
1048 2983 1189 3060 omnino,
1218 2985 1254 3046 ut
1274 2983 1443 3049 mammam

267 3088 360 3151 super
382 3069 443 3133 hiis
465 3069 581 3150 geratis
596 3069 835 3134 sollicitudinem
855 3073 894 3146 et,
918 3071 1207 3152 quantumcumque
1221 3070 1360 3151 potestis,
1376 3076 1443 3135 stu·

267 3154 353 3218 dium
369 3154 541 3219 adhibeatis
556 3156 589 3219 et
603 3154 802 3236 diligentiam,
824 3156 861 3218 ut
875 3154 1003 3219 viriliter
1017 3153 1081 3232 fiat,
1104 3157 1135 3218 et
1154 3155 1326 3220 secundum
1348 3156 1442 3220 deum

266 3241 402 3305 ministri
425 3239 541 3306 Christi
568 3241 656 3317 estis,
686 3243 718 3304 et
745 3240 857 3305 idcirco
878 3239 1052 3304 fiducialius
1075 3258 1094 3304 a
1115 3239 1200 3305 vobis
1229 3241 1376 3323 exigitur,
1406 3245 1443 3306 ut

266 3327 390 3408 negotio
406 3325 480 3403 eius,
496 3325 579 3408 quod
594 3325 633 3390 ad
643 3345 698 3390 vos
713 3329 841 3409 spectat,
856 3325 1035 3408 inuigiletis.
1058 3325 1124 3390 Nos
1139 3344 1260 3408 quoque
1271 3327 1442 3409 plurimum

267 3411 300 3476 id
321 3430 468 3493 rogamus
491 3416 523 3477 et
538 3413 735 3476 obsecramus
750 3413 783 3475 in
799 3412 932 3476 domino.
968 3411 1037 3475 Erit
1052 3415 1160 3476 autem
1182 3411 1275 3476 huius
1291 3413 1443 3478 exercitus

266 3500 299 3560 et
312 3497 345 3560 in
361 3498 498 3562 restibus
514 3498 592 3563 etin
609 3497 702 3561 armis
718 3500 750 3561 et
764 3496 868 3562 faleris
884 3499 1054 3580 ceterisque
1077 3497 1221 3562 omnibus
1243 3498 1360 3577 eadem,
1382 3518 1442 3582 que

267 3585 300 3646 et
314 3584 442 3648 alterius
458 3584 610 3650 exercitus
623 3583 806 3659 obseruatio,
821 3583 934 3667 quippe
949 3602 1026 3666 quos
1038 3583 1147 3648 eadem
1157 3583 1319 3649 retributio
1330 3585 1442 3650 munit

266 3668 391 3734 Placuit
419 3673 525 3734 autem
551 3669 695 3734 omnihus
723 3669 756 3732 in
782 3669 1016 3734 lbanlreneuort
1045 3667 1252 3751 congregatis,
1287 3674 1441 3753 quatenus

267 3756 424 3837 exemplar
451 3757 584 3820 istarum
606 3756 783 3820 litterarum
803 3755 918 3838 ubique
939 3757 1117 3837 portaretur
1138 3756 1170 3819 et
1192 3754 1326 3839 episcopi
1348 3761 1441 3839 atque

267 3841 440 3923 presbyteri
477 3843 590 3925 populo
629 3841 678 3905 dei
716 3842 945 3905 annunciarent
976 3843 1009 3904 et
1041 3859 1092 3905 eos
1126 3843 1267 3906 contra
1301 3842 1441 3907 hostes

266 3925 400 3990 crucis
415 3924 581 4003 Christi,
603 3925 668 4009 qui
689 3929 781 3990 sunt
802 3927 911 3991 ultra
925 3926 1096 4003 alcimo
1120 3925 1206 4007 signo
1222 3927 1328 3992 sancte
1343 3927 1442 3993 crucis

266 4012 483 4094 consignarent
497 4015 530 4077 et
544 4014 708 4089 armarent,
730 4012 784 4096 qui
797 4013 946 4077 nimirum
961 4030 1068 4076 omnes
1082 4011 1208 4077 infesto
1231 4014 1441 4096 apostolorum

265 4095 351 4162 Petri
373 4099 405 4162 et
425 4097 516 4164 Pauli
525 4099 557 4183 *)
579 4100 656 4181 aput
676 4097 869 4180 Magdeburg
891 4097 1056 4163 conuenire
1078 4096 1199 4161 debent

353 4271 383 4335 a)
401 4269 516 4324 Bocaelr:
534 4271 605 4325 ultra
624 4270 687 4324 albi.

355 4341 380 4409 *)
398 4343 442 4394 29.
459 4341 531 4396 Jun'a
