<?xml version="1.0" encoding="UTF-8"?>
<!DOCTYPE html PUBLIC "-//W3C//DTD XHTML 1.0 Transitional//EN"
    "http://www.w3.org/TR/xhtml1/DTD/xhtml1-transitional.dtd">
<html xmlns="http://www.w3.org/1999/xhtml" xml:lang="en" lang="en">
 <head>
  <title>
</title>
<meta http-equiv="Content-Type" content="text/html;charset=utf-8" />
  <meta name='ocr-system' content='tesseract 3.04.00' />
  <meta name='ocr-capabilities' content='ocr_page ocr_carea ocr_par ocr_line ocrx_word'/>
</head>
<body>
  <div class='ocr_page' id='page_1' title='image "./monumentagerman01dbgoog_0134.png"; bbox 0 0 3617 5284; ppageno 0'>
   <div class='ocr_carea' id='block_1_1' title="bbox 1394 575 1438 637">
    <p class='ocr_par' dir='ltr' id='par_1_1' title="bbox 1394 575 1438 637">
     <span class='ocr_line' id='line_1_1' title="bbox 1394 575 1438 637; baseline -0.023 0"><span class='ocrx_word' id='word_1_1' title='bbox 1394 575 1438 637; x_wconf 83' lang='grc'><strong>47</strong></span> 
     </span>
    </p>
   </div>
   <div class='ocr_carea' id='block_1_2' title="bbox 256 736 1438 2282">
    <p class='ocr_par' dir='ltr' id='par_1_2' title="bbox 258 736 1438 1849">
     <span class='ocr_line' id='line_1_2' title="bbox 258 736 1438 823; baseline 0.004 -22"><span class='ocrx_word' id='word_1_2' title='bbox 258 736 292 800; x_wconf 91' lang='lat' dir='ltr'><strong>in</strong></span> <span class='ocrx_word' id='word_1_3' title='bbox 313 737 439 803; x_wconf 77' lang='lat' dir='ltr'><strong>Psalmo</strong></span> <span class='ocrx_word' id='word_1_4' title='bbox 466 738 582 822; x_wconf 88' lang='lat' dir='ltr'><strong>legitur</strong></span> <span class='ocrx_word' id='word_1_5' title='bbox 606 739 826 823; x_wconf 88' lang='lat' dir='ltr'><strong>prophetetum</strong></span> <span class='ocrx_word' id='word_1_6' title='bbox 847 739 887 804; x_wconf 92' lang='lat' dir='ltr'><strong>de</strong></span> <span class='ocrx_word' id='word_1_7' title='bbox 908 737 1050 804; x_wconf 80' lang='lat' dir='ltr'><strong>Iudaeis:</strong></span> <span class='ocrx_word' id='word_1_8' title='bbox 1085 739 1171 806; x_wconf 89' lang='lat' dir='ltr'><strong>Deus</strong></span> <span class='ocrx_word' id='word_1_9' title='bbox 1194 740 1331 806; x_wconf 76' lang='lat' dir='ltr'>ostendit</span> <span class='ocrx_word' id='word_1_10' title='bbox 1352 741 1438 820; x_wconf 90' lang='lat' dir='ltr'><strong>mihi,</strong></span> 
     </span>
     <span class='ocr_line' id='line_1_3' title="bbox 260 823 1437 909; baseline 0.005 -23"><span class='ocrx_word' id='word_1_11' title='bbox 260 823 363 905; x_wconf 89' lang='lat' dir='ltr'><strong>inquit</strong></span> <span class='ocrx_word' id='word_1_12' title='bbox 383 824 538 901; x_wconf 82' lang='lat' dir='ltr'><strong>lloelesis,</strong></span> <span class='ocrx_word' id='word_1_13' title='bbox 559 844 654 908; x_wconf 93' lang='lat' dir='ltr'><strong>super</strong></span> <span class='ocrx_word' id='word_1_14' title='bbox 675 824 817 889; x_wconf 89' lang='lat' dir='ltr'><strong>inimieos</strong></span> <span class='ocrx_word' id='word_1_15' title='bbox 839 844 942 903; x_wconf 87' lang='lat' dir='ltr'><strong>meos,</strong></span> <span class='ocrx_word' id='word_1_16' title='bbox 964 844 1003 890; x_wconf 90' lang='lat' dir='ltr'><strong>ne</strong></span> <span class='ocrx_word' id='word_1_17' title='bbox 1025 825 1146 892; x_wconf 85' lang='lat' dir='ltr'><strong>oeoidee</strong></span> <span class='ocrx_word' id='word_1_18' title='bbox 1169 845 1229 904; x_wconf 89' lang='lat' dir='ltr'><strong>eos,</strong></span> <span class='ocrx_word' id='word_1_19' title='bbox 1251 845 1291 891; x_wconf 90' lang='lat' dir='ltr'><strong>ne</strong></span> <span class='ocrx_word' id='word_1_20' title='bbox 1314 827 1437 909; x_wconf 79' lang='lat' dir='ltr'><strong>quando</strong></span> 
     </span>
     <span class='ocr_line' id='line_1_4' title="bbox 260 909 1438 997; baseline 0.005 -25"><span class='ocrx_word' id='word_1_21' title='bbox 260 909 480 975; x_wconf 74' lang='lat' dir='ltr'><strong>obliviscentur</strong></span> <span class='ocrx_word' id='word_1_22' title='bbox 499 909 606 995; x_wconf 90' lang='lat' dir='ltr'><strong>populi</strong></span> <span class='ocrx_word' id='word_1_23' title='bbox 626 910 697 976; x_wconf 90' lang='lat' dir='ltr'><strong>mei.</strong></span> <span class='ocrx_word' id='word_1_24' title='bbox 733 909 804 975; x_wconf 79' lang='lat' dir='ltr'><strong>vivi</strong></span> <span class='ocrx_word' id='word_1_25' title='bbox 825 910 955 993; x_wconf 85' lang='lat' dir='ltr'><strong>quidem</strong></span> <span class='ocrx_word' id='word_1_26' title='bbox 978 911 1080 996; x_wconf 85' lang='lat' dir='ltr'><strong>epiees</strong></span> <span class='ocrx_word' id='word_1_27' title='bbox 1101 911 1190 977; x_wconf 88' lang='lat' dir='ltr'><strong>nobis</strong></span> <span class='ocrx_word' id='word_1_28' title='bbox 1212 917 1294 988; x_wconf 86' lang='lat' dir='ltr'><strong>sunt,</strong></span> <span class='ocrx_word' id='word_1_29' title='bbox 1315 931 1438 997; x_wconf 80' lang='lat' dir='ltr'><strong>reprae-</strong></span> 
     </span>
     <span class='ocr_line' id='line_1_5' title="bbox 260 995 1437 1082; baseline 0.003 -23"><span class='ocrx_word' id='word_1_30' title='bbox 260 1000 420 1061; x_wconf 70' lang='lat' dir='ltr'><strong>sentantes</strong></span> <span class='ocrx_word' id='word_1_31' title='bbox 445 995 641 1061; x_wconf 86' lang='lat' dir='ltr'><strong>Dominieem</strong></span> <span class='ocrx_word' id='word_1_32' title='bbox 669 997 854 1080; x_wconf 80' lang='lat' dir='ltr'><strong>passionem.</strong></span> <span class='ocrx_word' id='word_1_33' title='bbox 896 996 1029 1081; x_wconf 79' lang='lat' dir='ltr'>Propter</span> <span class='ocrx_word' id='word_1_34' title='bbox 1055 998 1115 1062; x_wconf 88' lang='lat' dir='ltr'><strong>hoe</strong></span> <span class='ocrx_word' id='word_1_35' title='bbox 1144 997 1274 1082; x_wconf 90' lang='lat' dir='ltr'><strong>dispersi</strong></span> <span class='ocrx_word' id='word_1_36' title='bbox 1302 999 1437 1063; x_wconf 92' lang='lat' dir='ltr'><strong>suntin</strong></span> 
     </span>
     <span class='ocr_line' id='line_1_6' title="bbox 259 1081 1437 1166; baseline 0.003 -21"><span class='ocrx_word' id='word_1_37' title='bbox 259 1099 368 1145; x_wconf 90' lang='lat' dir='ltr'><strong>omnes</strong></span> <span class='ocrx_word' id='word_1_38' title='bbox 381 1083 532 1164; x_wconf 88' lang='lat' dir='ltr'><strong>regiones,</strong></span> <span class='ocrx_word' id='word_1_39' title='bbox 553 1085 591 1146; x_wconf 90' lang='lat' dir='ltr'><strong>ut</strong></span> <span class='ocrx_word' id='word_1_40' title='bbox 604 1081 681 1146; x_wconf 94' lang='lat' dir='ltr'><strong>dum</strong></span> <span class='ocrx_word' id='word_1_41' title='bbox 694 1082 795 1146; x_wconf 81' lang='lat' dir='ltr'><strong>iustus</strong></span> <span class='ocrx_word' id='word_1_42' title='bbox 809 1083 890 1147; x_wconf 84' lang='lat' dir='ltr'><strong>tenti</strong></span> <span class='ocrx_word' id='word_1_43' title='bbox 911 1083 1056 1148; x_wconf 84' lang='lat' dir='ltr'><strong>feeinorls</strong></span> <span class='ocrx_word' id='word_1_44' title='bbox 1079 1102 1194 1166; x_wconf 87' lang='lat' dir='ltr'><strong>poenes</strong></span> <span class='ocrx_word' id='word_1_45' title='bbox 1216 1084 1317 1160; x_wconf 81' lang='lat' dir='ltr'><strong>luunt,</strong></span> <span class='ocrx_word' id='word_1_46' title='bbox 1339 1087 1437 1150; x_wconf 86' lang='lat' dir='ltr'><strong>testes</strong></span> 
     </span>
     <span class='ocr_line' id='line_1_7' title="bbox 260 1167 1437 1254; baseline 0.005 -24"><span class='ocrx_word' id='word_1_47' title='bbox 260 1167 324 1231; x_wconf 91' lang='lat' dir='ltr'><strong>sint</strong></span> <span class='ocrx_word' id='word_1_48' title='bbox 336 1170 462 1232; x_wconf 81' lang='lat' dir='ltr'><strong>nostres</strong></span> <span class='ocrx_word' id='word_1_49' title='bbox 475 1167 706 1251; x_wconf 65' lang='lat' dir='ltr'><strong>redemptionis.</strong></span> <span class='ocrx_word' id='word_1_50' title='bbox 742 1168 834 1234; x_wconf 92' lang='lat' dir='ltr'><strong>Unde</strong></span> <span class='ocrx_word' id='word_1_51' title='bbox 849 1172 883 1233; x_wconf 91' lang='lat' dir='ltr'><strong>et</strong></span> <span class='ocrx_word' id='word_1_52' title='bbox 896 1167 984 1233; x_wconf 79' lang='lat' dir='ltr'><strong>addit</strong></span> <span class='ocrx_word' id='word_1_53' title='bbox 997 1169 1030 1233; x_wconf 93' lang='lat' dir='ltr'><strong>in</strong></span> <span class='ocrx_word' id='word_1_54' title='bbox 1046 1169 1154 1234; x_wconf 90' lang='lat' dir='ltr'><strong>eodem</strong></span> <span class='ocrx_word' id='word_1_55' title='bbox 1168 1170 1288 1254; x_wconf 73' lang='lat' dir='ltr'><strong>psalmo</strong></span> <span class='ocrx_word' id='word_1_56' title='bbox 1306 1171 1437 1252; x_wconf 88' lang='lat' dir='ltr'><strong>loquens</strong></span> 
     </span>
     <span class='ocr_line' id='line_1_8' title="bbox 258 1253 1437 1340; baseline 0.004 -23"><span class='ocrx_word' id='word_1_57' title='bbox 258 1253 414 1318; x_wconf 79' lang='lat' dir='ltr'><strong>Eoolesie:</strong></span> <span class='ocrx_word' id='word_1_58' title='bbox 446 1253 597 1338; x_wconf 79' lang='lat' dir='ltr'><strong>Disperge</strong></span> <span class='ocrx_word' id='word_1_59' title='bbox 621 1253 693 1319; x_wconf 92' lang='lat' dir='ltr'><strong>illos</strong></span> <span class='ocrx_word' id='word_1_60' title='bbox 718 1254 752 1318; x_wconf 90' lang='lat' dir='ltr'><strong>in</strong></span> <span class='ocrx_word' id='word_1_61' title='bbox 780 1253 897 1319; x_wconf 72' lang='lat' dir='ltr'><strong>sinete</strong></span> <span class='ocrx_word' id='word_1_62' title='bbox 918 1257 975 1318; x_wconf 85' lang='lat' dir='ltr'><strong>tna</strong></span> <span class='ocrx_word' id='word_1_63' title='bbox 996 1259 1029 1319; x_wconf 94' lang='lat' dir='ltr'><strong>et</strong></span> <span class='ocrx_word' id='word_1_64' title='bbox 1050 1254 1169 1340; x_wconf 91' lang='lat' dir='ltr'><strong>depone</strong></span> <span class='ocrx_word' id='word_1_65' title='bbox 1191 1274 1256 1334; x_wconf 88' lang='lat' dir='ltr'><strong>eos,</strong></span> <span class='ocrx_word' id='word_1_66' title='bbox 1283 1259 1437 1339; x_wconf 83' lang='lat' dir='ltr'><strong>protestor</strong></span> 
     </span>
     <span class='ocr_line' id='line_1_9' title="bbox 258 1338 1437 1425; baseline 0.003 -22"><span class='ocrx_word' id='word_1_67' title='bbox 258 1357 363 1416; x_wconf 90' lang='lat' dir='ltr'><strong>meus,</strong></span> <span class='ocrx_word' id='word_1_68' title='bbox 385 1339 518 1403; x_wconf 90' lang='lat' dir='ltr'><strong>Domine</strong></span> <span class='ocrx_word' id='word_1_69' title='bbox 539 1338 660 1423; x_wconf 83' lang='lat' dir='ltr'><strong>(Pselm</strong></span> <span class='ocrx_word' id='word_1_70' title='bbox 681 1339 769 1418; x_wconf 84' lang='lat' dir='ltr'><strong>LIX,</strong></span> <span class='ocrx_word' id='word_1_71' title='bbox 794 1340 856 1423; x_wconf 52' lang='lat'><strong>12)</strong></span> <span class='ocrx_word' id='word_1_72' title='bbox 898 1339 950 1404; x_wconf 83' lang='lat' dir='ltr'><strong>lte</strong></span> <span class='ocrx_word' id='word_1_73' title='bbox 970 1340 1090 1405; x_wconf 84' lang='lat' dir='ltr'><strong>lentum</strong></span> <span class='ocrx_word' id='word_1_74' title='bbox 1112 1344 1178 1417; x_wconf 88' lang='lat' dir='ltr'><strong>est;</strong></span> <span class='ocrx_word' id='word_1_75' title='bbox 1201 1340 1331 1425; x_wconf 88' lang='lat' dir='ltr'><strong>dispersi</strong></span> <span class='ocrx_word' id='word_1_76' title='bbox 1354 1345 1437 1422; x_wconf 89' lang='lat' dir='ltr'><strong>eunt,</strong></span> 
     </span>
     <span class='ocr_line' id='line_1_10' title="bbox 259 1422 1437 1510; baseline 0.003 -21"><span class='ocrx_word' id='word_1_77' title='bbox 259 1424 400 1508; x_wconf 70' lang='lat' dir='ltr'><strong>dispositi</strong></span> <span class='ocrx_word' id='word_1_78' title='bbox 414 1426 497 1501; x_wconf 76' lang='lat' dir='ltr'><strong>sunt,</strong></span> <span class='ocrx_word' id='word_1_79' title='bbox 518 1422 631 1490; x_wconf 80' lang='lat' dir='ltr'><strong>durem</strong></span> <span class='ocrx_word' id='word_1_80' title='bbox 649 1426 808 1491; x_wconf 85' lang='lat' dir='ltr'><strong>sustinent</strong></span> <span class='ocrx_word' id='word_1_81' title='bbox 828 1425 1043 1509; x_wconf 87' lang='lat' dir='ltr'><strong>esptisitstem</strong></span> <span class='ocrx_word' id='word_1_82' title='bbox 1065 1426 1125 1491; x_wconf 90' lang='lat' dir='ltr'><strong>sub</strong></span> <span class='ocrx_word' id='word_1_83' title='bbox 1145 1427 1335 1510; x_wconf 88' lang='lat' dir='ltr'><strong>prinoipibus</strong></span> <span class='ocrx_word' id='word_1_84' title='bbox 1357 1428 1437 1493; x_wconf 87' lang='lat' dir='ltr'><strong>obri-</strong></span> 
     </span>
     <span class='ocr_line' id='line_1_11' title="bbox 259 1509 1437 1596; baseline 0.003 -21"><span class='ocrx_word' id='word_1_85' title='bbox 259 1510 379 1575; x_wconf 78' lang='lat' dir='ltr'><strong>stienis</strong></span> <span class='ocrx_word' id='word_1_86' title='bbox 414 1509 641 1576; x_wconf 72' lang='lat' dir='ltr'>convertentur</span> <span class='ocrx_word' id='word_1_87' title='bbox 663 1514 769 1576; x_wconf 85' lang='lat' dir='ltr'><strong>temen</strong></span> <span class='ocrx_word' id='word_1_88' title='bbox 792 1511 831 1576; x_wconf 85' lang='lat' dir='ltr'><strong>sd</strong></span> <span class='ocrx_word' id='word_1_89' title='bbox 846 1529 1016 1596; x_wconf 77' lang='lat' dir='ltr'><strong>vesperum,</strong></span> <span class='ocrx_word' id='word_1_90' title='bbox 1039 1514 1072 1576; x_wconf 92' lang='lat' dir='ltr'><strong>et</strong></span> <span class='ocrx_word' id='word_1_91' title='bbox 1092 1512 1125 1576; x_wconf 92' lang='lat' dir='ltr'><strong>in</strong></span> <span class='ocrx_word' id='word_1_92' title='bbox 1147 1519 1286 1596; x_wconf 90' lang='lat' dir='ltr'><strong>tempore</strong></span> <span class='ocrx_word' id='word_1_93' title='bbox 1308 1513 1367 1578; x_wconf 89' lang='lat' dir='ltr'><strong>erit</strong></span> <span class='ocrx_word' id='word_1_94' title='bbox 1389 1533 1437 1580; x_wconf 91' lang='lat' dir='ltr'><strong>re·</strong></span> 
     </span>
     <span class='ocr_line' id='line_1_12' title="bbox 259 1597 1438 1680; baseline 0.004 -20"><span class='ocrx_word' id='word_1_95' title='bbox 259 1599 385 1679; x_wconf 85' lang='lat' dir='ltr'><strong>spsotus</strong></span> <span class='ocrx_word' id='word_1_96' title='bbox 406 1615 543 1661; x_wconf 80' lang='lat' dir='ltr'><strong>eorum.¹</strong></span> <span class='ocrx_word' id='word_1_97' title='bbox 566 1597 709 1679; x_wconf 87' lang='lat' dir='ltr'><strong>Denique</strong></span> <span class='ocrx_word' id='word_1_98' title='bbox 730 1616 803 1662; x_wconf 88' lang='lat' dir='ltr'><strong>oum</strong></span> <span class='ocrx_word' id='word_1_99' title='bbox 824 1597 979 1662; x_wconf 73' lang='lat' dir='ltr'><strong>introierit</strong></span> <span class='ocrx_word' id='word_1_100' title='bbox 999 1597 1140 1680; x_wconf 86' lang='lat' dir='ltr'><strong>gentium</strong></span> <span class='ocrx_word' id='word_1_101' title='bbox 1162 1599 1339 1678; x_wconf 88' lang='lat' dir='ltr'><strong>multitudo,</strong></span> <span class='ocrx_word' id='word_1_102' title='bbox 1360 1601 1438 1666; x_wconf 88' lang='lat' dir='ltr'><strong>tuno</strong></span> 
     </span>
     <span class='ocr_line' id='line_1_13' title="bbox 259 1681 1437 1768; baseline 0.003 -21"><span class='ocrx_word' id='word_1_103' title='bbox 259 1681 360 1747; x_wconf 87' lang='lat' dir='ltr'><strong>omnis</strong></span> <span class='ocrx_word' id='word_1_104' title='bbox 380 1682 479 1748; x_wconf 77' lang='lat' dir='ltr'><strong>lsrael</strong></span> <span class='ocrx_word' id='word_1_105' title='bbox 492 1682 599 1748; x_wconf 78' lang='lat' dir='ltr'><strong>sulvus</strong></span> <span class='ocrx_word' id='word_1_106' title='bbox 613 1683 681 1760; x_wconf 81' lang='lat' dir='ltr'><strong>erit,</strong></span> <span class='ocrx_word' id='word_1_107' title='bbox 703 1682 748 1747; x_wconf 86' lang='lat' dir='ltr'><strong>eit</strong></span> <span class='ocrx_word' id='word_1_108' title='bbox 761 1681 929 1766; x_wconf 80' lang='lat' dir='ltr'><strong>Apostolus</strong></span> <span class='ocrx_word' id='word_1_109' title='bbox 944 1683 1046 1766; x_wconf 87' lang='lat' dir='ltr'><strong>(Rom.</strong></span> <span class='ocrx_word' id='word_1_110' title='bbox 1060 1683 1115 1762; x_wconf 86' lang='lat' dir='ltr'><strong>XI,</strong></span> <span class='ocrx_word' id='word_1_111' title='bbox 1137 1687 1188 1762; x_wconf 76' lang='lat'><strong>25,</strong></span> <span class='ocrx_word' id='word_1_112' title='bbox 1210 1685 1273 1768; x_wconf 84' lang='lat'>26).</span> <span class='ocrx_word' id='word_1_113' title='bbox 1305 1684 1437 1750; x_wconf 79' lang='lat' dir='ltr'><strong>Interim</strong></span> 
     </span>
     <span class='ocr_line' id='line_1_14' title="bbox 259 1766 887 1849; baseline 0.003 -17"><span class='ocrx_word' id='word_1_114' title='bbox 259 1786 333 1832; x_wconf 83' lang='lat' dir='ltr'><strong>sune</strong></span> <span class='ocrx_word' id='word_1_115' title='bbox 356 1768 411 1849; x_wconf 92' lang='lat' dir='ltr'><strong>qui</strong></span> <span class='ocrx_word' id='word_1_116' title='bbox 431 1766 572 1845; x_wconf 89' lang='lat' dir='ltr'><strong>moritur,</strong></span> <span class='ocrx_word' id='word_1_117' title='bbox 598 1770 705 1833; x_wconf 89' lang='lat' dir='ltr'><strong>menet</strong></span> <span class='ocrx_word' id='word_1_118' title='bbox 725 1769 758 1832; x_wconf 94' lang='lat' dir='ltr'><strong>in</strong></span> <span class='ocrx_word' id='word_1_119' title='bbox 778 1769 887 1834; x_wconf 80' lang='lat' dir='ltr'><strong>morte.</strong></span> 
     </span>
    </p>

    <p class='ocr_par' dir='ltr' id='par_1_3' title="bbox 256 1853 1437 2282">
     <span class='ocr_line' id='line_1_15' title="bbox 343 1853 1437 1938; baseline 0.004 -20"><span class='ocrx_word' id='word_1_120' title='bbox 343 1853 457 1930; x_wconf 82' lang='lat' dir='ltr'><strong>Tseeo,</strong></span> <span class='ocrx_word' id='word_1_121' title='bbox 479 1853 579 1936; x_wconf 90' lang='lat' dir='ltr'><strong>qnod,</strong></span> <span class='ocrx_word' id='word_1_122' title='bbox 608 1853 706 1919; x_wconf 82' lang='lat' dir='ltr'><strong>sicubi</strong></span> <span class='ocrx_word' id='word_1_123' title='bbox 726 1855 853 1931; x_wconf 87' lang='lat' dir='ltr'><strong>desunt,</strong></span> <span class='ocrx_word' id='word_1_124' title='bbox 880 1853 969 1938; x_wconf 89' lang='lat' dir='ltr'><strong>peius</strong></span> <span class='ocrx_word' id='word_1_125' title='bbox 990 1853 1151 1919; x_wconf 84' lang='lat' dir='ltr'><strong>Iudsizere</strong></span> <span class='ocrx_word' id='word_1_126' title='bbox 1179 1853 1321 1920; x_wconf 89' lang='lat' dir='ltr'><strong>dolemus</strong></span> <span class='ocrx_word' id='word_1_127' title='bbox 1349 1855 1437 1922; x_wconf 86' lang='lat' dir='ltr'><strong>chri-</strong></span> 
     </span>
     <span class='ocr_line' id='line_1_16' title="bbox 259 1939 1436 2026; baseline 0.003 -22"><span class='ocrx_word' id='word_1_128' title='bbox 259 1939 376 2004; x_wconf 79' lang='lat' dir='ltr'><strong>stianos</strong></span> <span class='ocrx_word' id='word_1_129' title='bbox 398 1939 596 2017; x_wconf 81' lang='lat' dir='ltr'><strong>feneratores,</strong></span> <span class='ocrx_word' id='word_1_130' title='bbox 618 1940 644 2004; x_wconf 89' lang='lat' dir='ltr'><strong>si</strong></span> <span class='ocrx_word' id='word_1_131' title='bbox 666 1945 772 2004; x_wconf 86' lang='lat' dir='ltr'><strong>temen</strong></span> <span class='ocrx_word' id='word_1_132' title='bbox 788 1939 983 2005; x_wconf 78' lang='lat' dir='ltr'><strong>Christianos</strong></span> <span class='ocrx_word' id='word_1_133' title='bbox 1005 1944 1037 2004; x_wconf 92' lang='lat' dir='ltr'><strong>et</strong></span> <span class='ocrx_word' id='word_1_134' title='bbox 1057 1959 1121 2005; x_wconf 88' lang='lat' dir='ltr'><strong>non</strong></span> <span class='ocrx_word' id='word_1_135' title='bbox 1142 1940 1242 2023; x_wconf 81' lang='lat' dir='ltr'><strong>magis</strong></span> <span class='ocrx_word' id='word_1_136' title='bbox 1264 1941 1436 2026; x_wconf 79' lang='lat' dir='ltr'><strong>baptizatos</strong></span> 
     </span>
     <span class='ocr_line' id='line_1_17' title="bbox 257 2025 1436 2126; baseline 0.004 -37"><span class='ocrx_word' id='word_1_137' title='bbox 257 2025 391 2123; x_wconf 78' lang='lat' dir='ltr'><strong>ludaeos</strong></span> <span class='ocrx_word' id='word_1_138' title='bbox 411 2025 555 2124; x_wconf 81' lang='lat' dir='ltr'><strong>eonsenit</strong></span> <span class='ocrx_word' id='word_1_139' title='bbox 577 2026 751 2124; x_wconf 42' lang='lat' dir='ltr'><strong>appellari·</strong></span> <span class='ocrx_word' id='word_1_140' title='bbox 778 2025 812 2090; x_wconf 85' lang='lat' dir='ltr'><strong>Si</strong></span> <span class='ocrx_word' id='word_1_141' title='bbox 833 2025 942 2091; x_wconf 79' lang='lat' dir='ltr'><strong>Iudaei</strong></span> <span class='ocrx_word' id='word_1_142' title='bbox 964 2025 1090 2126; x_wconf 85' lang='lat' dir='ltr'><strong>penitus</strong></span> <span class='ocrx_word' id='word_1_143' title='bbox 1113 2029 1326 2124; x_wconf 83' lang='lat' dir='ltr'><strong>oonterentur,</strong></span> <span class='ocrx_word' id='word_1_144' title='bbox 1354 2029 1436 2126; x_wconf 81' lang='lat' dir='ltr'><strong>unde</strong></span> 
     </span>
     <span class='ocr_line' id='line_1_18' title="bbox 256 2111 1437 2282; baseline 0.003 -21"><span class='ocrx_word' id='word_1_145' title='bbox 256 2111 726 2262; x_wconf 65' lang='lat' dir='ltr'><strong>ebellelltllblbb</strong></span> <span class='ocrx_word' id='word_1_146' title='bbox 741 2111 1437 2282; x_wconf 46' lang='lat' dir='ltr'><strong>lnbelbbbtdbbll,belleni</strong></span> 
     </span>
    </p>
   </div>
   <div class='ocr_carea' id='block_1_3' title="bbox 257 2282 1437 2638">
    <p class='ocr_par' dir='ltr' id='par_1_4' title="bbox 257 2282 1437 2638">
     <span class='ocr_line' id='line_1_19' title="bbox 257 2282 1437 2369; baseline 0.003 -22"><span class='ocrx_word' id='word_1_147' title='bbox 257 2282 361 2366; x_wconf 88' lang='lat' dir='ltr'><strong>potins</strong></span> <span class='ocrx_word' id='word_1_148' title='bbox 383 2301 480 2365; x_wconf 85' lang='lat' dir='ltr'><strong>quem</strong></span> <span class='ocrx_word' id='word_1_149' title='bbox 502 2282 612 2365; x_wconf 82' lang='lat' dir='ltr'><strong>gladiis</strong></span> <span class='ocrx_word' id='word_1_150' title='bbox 634 2283 804 2368; x_wconf 85' lang='lat' dir='ltr'><strong>expetendi</strong></span> <span class='ocrx_word' id='word_1_151' title='bbox 838 2283 931 2348; x_wconf 85' lang='lat' dir='ltr'><strong>Nune</strong></span> <span class='ocrx_word' id='word_1_152' title='bbox 949 2285 1055 2348; x_wconf 83' lang='lat' dir='ltr'><strong>eutem</strong></span> <span class='ocrx_word' id='word_1_153' title='bbox 1073 2283 1197 2348; x_wconf 87' lang='lat' dir='ltr'><strong>eumin</strong></span> <span class='ocrx_word' id='word_1_154' title='bbox 1212 2287 1437 2369; x_wconf 86' lang='lat' dir='ltr'><strong>nosooeperint</strong></span> 
     </span>
     <span class='ocr_line' id='line_1_20' title="bbox 258 2367 1436 2453; baseline 0.002 -19"><span class='ocrx_word' id='word_1_155' title='bbox 258 2387 327 2434; x_wconf 88' lang='lat' dir='ltr'><strong>esee</strong></span> <span class='ocrx_word' id='word_1_156' title='bbox 355 2367 496 2446; x_wconf 86' lang='lat' dir='ltr'><strong>violenti,</strong></span> <span class='ocrx_word' id='word_1_157' title='bbox 524 2370 646 2453; x_wconf 84' lang='lat' dir='ltr'><strong>oportet</strong></span> <span class='ocrx_word' id='word_1_158' title='bbox 673 2369 737 2434; x_wconf 87' lang='lat' dir='ltr'><strong>rim</strong></span> <span class='ocrx_word' id='word_1_159' title='bbox 764 2369 795 2434; x_wconf 81' lang='lat' dir='ltr'><strong>ri</strong></span> <span class='ocrx_word' id='word_1_160' title='bbox 822 2367 971 2452; x_wconf 90' lang='lat' dir='ltr'><strong>repellere</strong></span> <span class='ocrx_word' id='word_1_161' title='bbox 994 2387 1063 2445; x_wconf 87' lang='lat' dir='ltr'><strong>eos,</strong></span> <span class='ocrx_word' id='word_1_162' title='bbox 1090 2369 1146 2450; x_wconf 91' lang='lat' dir='ltr'><strong>qui</strong></span> <span class='ocrx_word' id='word_1_163' title='bbox 1167 2389 1230 2434; x_wconf 87' lang='lat' dir='ltr'><strong>non</strong></span> <span class='ocrx_word' id='word_1_164' title='bbox 1252 2370 1318 2434; x_wconf 91' lang='lat' dir='ltr'><strong>sine</strong></span> <span class='ocrx_word' id='word_1_165' title='bbox 1341 2390 1436 2436; x_wconf 86' lang='lat' dir='ltr'><strong>enuse</strong></span> 
     </span>
     <span class='ocr_line' id='line_1_21' title="bbox 259 2453 1435 2539; baseline 0.003 -21"><span class='ocrx_word' id='word_1_166' title='bbox 259 2454 378 2537; x_wconf 88' lang='lat' dir='ltr'><strong>glsdios</strong></span> <span class='ocrx_word' id='word_1_167' title='bbox 409 2457 546 2539; x_wconf 82' lang='lat' dir='ltr'><strong>portent</strong></span> <span class='ocrx_word' id='word_1_168' title='bbox 598 2454 657 2520; x_wconf 83' lang='lat' dir='ltr'><strong>llst</strong></span> <span class='ocrx_word' id='word_1_169' title='bbox 682 2459 789 2520; x_wconf 83' lang='lat' dir='ltr'><strong>sutem</strong></span> <span class='ocrx_word' id='word_1_170' title='bbox 821 2454 1009 2520; x_wconf 77' lang='lat' dir='ltr'><strong>christianae</strong></span> <span class='ocrx_word' id='word_1_171' title='bbox 1037 2453 1178 2538; x_wconf 89' lang='lat' dir='ltr'><strong>pietetis,</strong></span> <span class='ocrx_word' id='word_1_172' title='bbox 1210 2456 1248 2519; x_wconf 88' lang='lat' dir='ltr'><strong>ut</strong></span> <span class='ocrx_word' id='word_1_173' title='bbox 1281 2455 1435 2522; x_wconf 78' lang='lat' dir='ltr'><strong>debellare</strong></span> 
     </span>
     <span class='ocr_line' id='line_1_22' title="bbox 259 2539 1435 2638; baseline 0.003 -33"><span class='ocrx_word' id='word_1_174' title='bbox 259 2540 415 2624; x_wconf 88' lang='lat' dir='ltr'><strong>superbos,</strong></span> <span class='ocrx_word' id='word_1_175' title='bbox 438 2539 483 2604; x_wconf 91' lang='lat' dir='ltr'><strong>sie</strong></span> <span class='ocrx_word' id='word_1_176' title='bbox 497 2543 531 2604; x_wconf 87' lang='lat' dir='ltr'><strong>et</strong></span> <span class='ocrx_word' id='word_1_177' title='bbox 542 2558 668 2638; x_wconf 85' lang='lat' dir='ltr'><strong>pereere</strong></span> <span class='ocrx_word' id='word_1_178' title='bbox 683 2539 830 2606; x_wconf 89' lang='lat' dir='ltr'><strong>subieotis</strong></span> <span class='ocrx_word' id='word_1_179' title='bbox 844 2539 965 2624; x_wconf 79' lang='lat' dir='ltr'><strong>(Vergil</strong></span> <span class='ocrx_word' id='word_1_180' title='bbox 979 2539 1033 2619; x_wconf 81' lang='lat' dir='ltr'><strong>Vl,</strong></span> <span class='ocrx_word' id='word_1_181' title='bbox 1056 2541 1148 2623; x_wconf 83' lang='lat'>853);</span> <span class='ocrx_word' id='word_1_182' title='bbox 1170 2540 1220 2605; x_wconf 90' lang='lat' dir='ltr'><strong>his</strong></span> <span class='ocrx_word' id='word_1_183' title='bbox 1243 2543 1435 2625; x_wconf 78' lang='lat' dir='ltr'><strong>praesertim,</strong></span> 
     </span>
    </p>
   </div>
   <div class='ocr_carea' id='block_1_4' title="bbox 257 2626 1436 3225">
    <p class='ocr_par' dir='ltr' id='par_1_5' title="bbox 258 2626 1436 3068">
     <span class='ocr_line' id='line_1_23' title="bbox 258 2626 1435 2726; baseline 0.002 -35"><span class='ocrx_word' id='word_1_184' title='bbox 258 2645 392 2724; x_wconf 76' lang='lat' dir='ltr'><strong>quorum</strong></span> <span class='ocrx_word' id='word_1_185' title='bbox 421 2627 471 2690; x_wconf 91' lang='lat' dir='ltr'><strong>est</strong></span> <span class='ocrx_word' id='word_1_186' title='bbox 492 2626 646 2708; x_wconf 82' lang='lat' dir='ltr'><strong>legrslntio</strong></span> <span class='ocrx_word' id='word_1_187' title='bbox 671 2626 873 2710; x_wconf 86' lang='lat' dir='ltr'><strong>repromisse,</strong></span> <span class='ocrx_word' id='word_1_188' title='bbox 903 2645 1037 2726; x_wconf 81' lang='lat' dir='ltr'><strong>quorum</strong></span> <span class='ocrx_word' id='word_1_189' title='bbox 1059 2628 1166 2725; x_wconf 83' lang='lat' dir='ltr'><strong>petros</strong></span> <span class='ocrx_word' id='word_1_190' title='bbox 1194 2629 1226 2691; x_wconf 92' lang='lat' dir='ltr'><strong>et</strong></span> <span class='ocrx_word' id='word_1_191' title='bbox 1254 2646 1291 2692; x_wconf 83' lang='lat' dir='ltr'><strong>er</strong></span> <span class='ocrx_word' id='word_1_192' title='bbox 1321 2627 1435 2710; x_wconf 87' lang='lat' dir='ltr'><strong>quibus</strong></span> 
     </span>
     <span class='ocr_line' id='line_1_24' title="bbox 259 2711 1436 2895; baseline 0.002 -33"><span class='ocrx_word' id='word_1_193' title='bbox 259 2711 1436 2895; x_wconf 52' lang='lat' dir='ltr'><strong>lllllllllbbllllbelblllbtlltlllllltlll</strong></span> 
     </span>
     <span class='ocr_line' id='line_1_25' title="bbox 258 2883 1435 2981; baseline 0.003 -33"><span class='ocrx_word' id='word_1_194' title='bbox 258 2884 303 2948; x_wconf 90' lang='lat' dir='ltr'><strong>ut</strong></span> <span class='ocrx_word' id='word_1_195' title='bbox 329 2901 569 2981; x_wconf 37' lang='lat' dir='ltr'><strong>omnee,·qu1</strong></span> <span class='ocrx_word' id='word_1_196' title='bbox 595 2883 727 2980; x_wconf 75' lang='lat' dir='ltr'><strong>eruois</strong></span> <span class='ocrx_word' id='word_1_197' title='bbox 749 2883 905 2965; x_wconf 87' lang='lat' dir='ltr'><strong>signnm</strong></span> <span class='ocrx_word' id='word_1_198' title='bbox 927 2889 1199 2981; x_wconf 78' lang='lat' dir='ltr'><strong>suseeperrnt,</strong></span> <span class='ocrx_word' id='word_1_199' title='bbox 1222 2885 1270 2949; x_wconf 86' lang='lat' dir='ltr'><strong>eb</strong></span> <span class='ocrx_word' id='word_1_200' title='bbox 1293 2903 1435 2950; x_wconf 83' lang='lat' dir='ltr'><strong>usura·</strong></span> 
     </span>
     <span class='ocr_line' id='line_1_26' title="bbox 258 2968 1370 3068; baseline -0.002 -34"><span class='ocrx_word' id='word_1_201' title='bbox 258 2989 345 3034; x_wconf 92' lang='lat' dir='ltr'><strong>rum</strong></span> <span class='ocrx_word' id='word_1_202' title='bbox 366 2976 573 3034; x_wconf 83' lang='lat' dir='ltr'><strong>ereetrone</strong></span> <span class='ocrx_word' id='word_1_203' title='bbox 595 2968 745 3067; x_wconf 82' lang='lat' dir='ltr'><strong>liberos</strong></span> <span class='ocrx_word' id='word_1_204' title='bbox 767 2969 926 3034; x_wconf 88' lang='lat' dir='ltr'><strong>omnino</strong></span> <span class='ocrx_word' id='word_1_205' title='bbox 951 2969 1203 3052; x_wconf 61' lang='lat' dir='ltr'><strong>dimittam)</strong></span> <span class='ocrx_word' id='word_1_206' title='bbox 1364 3057 1370 3068; x_wconf 93' lang='lat'><em>.</em></span> 
     </span>
    </p>

    <p class='ocr_par' dir='ltr' id='par_1_6' title="bbox 257 3054 1435 3225">
     <span class='ocr_line' id='line_1_27' title="bbox 274 3054 1435 3152; baseline 0.002 -32"><span class='ocrx_word' id='word_1_207' title='bbox 274 3139 281 3152; x_wconf 24' lang='grc' dir='ltr'>ι</span> <span class='ocrx_word' id='word_1_208' title='bbox 342 3055 427 3120; x_wconf 91' lang='lat' dir='ltr'><strong>Illud</strong></span> <span class='ocrx_word' id='word_1_209' title='bbox 455 3073 587 3152; x_wconf 37' lang='lat' dir='ltr'><strong>quoque·</strong></span> <span class='ocrx_word' id='word_1_210' title='bbox 609 3054 782 3120; x_wconf 86' lang='lat' dir='ltr'><strong>edmomtos</strong></span> <span class='ocrx_word' id='word_1_211' title='bbox 803 3074 858 3120; x_wconf 84' lang='lat' dir='ltr'><strong>vos</strong></span> <span class='ocrx_word' id='word_1_212' title='bbox 880 3073 949 3152; x_wconf 81' lang='lat' dir='ltr'><strong>esse</strong></span> <span class='ocrx_word' id='word_1_213' title='bbox 971 3057 1020 3119; x_wconf 89' lang='lat' dir='ltr'><strong>est</strong></span> <span class='ocrx_word' id='word_1_214' title='bbox 1039 3072 1181 3133; x_wconf 88' lang='lat' dir='ltr'><strong>neeesse,</strong></span> <span class='ocrx_word' id='word_1_215' title='bbox 1207 3055 1319 3120; x_wconf 86' lang='lat' dir='ltr'><strong>fratres</strong></span> <span class='ocrx_word' id='word_1_216' title='bbox 1341 3056 1435 3122; x_wconf 86' lang='lat' dir='ltr'><strong>drleo-</strong></span> 
     </span>
     <span class='ocr_line' id='line_1_28' title="bbox 257 3139 1434 3225; baseline 0.001 -20"><span class='ocrx_word' id='word_1_217' title='bbox 257 3141 385 3216; x_wconf 83' lang='lat' dir='ltr'><strong>tesimi,</strong></span> <span class='ocrx_word' id='word_1_218' title='bbox 414 3141 452 3204; x_wconf 93' lang='lat' dir='ltr'><strong>ut</strong></span> <span class='ocrx_word' id='word_1_219' title='bbox 477 3142 505 3206; x_wconf 92' lang='lat' dir='ltr'><strong>si</strong></span> <span class='ocrx_word' id='word_1_220' title='bbox 535 3160 606 3224; x_wconf 80' lang='lat' dir='ltr'><strong>quis</strong></span> <span class='ocrx_word' id='word_1_221' title='bbox 635 3139 714 3205; x_wconf 84' lang='lat' dir='ltr'><strong>forte</strong></span> <span class='ocrx_word' id='word_1_222' title='bbox 737 3159 846 3205; x_wconf 86' lang='lat' dir='ltr'><strong>emens</strong></span> <span class='ocrx_word' id='word_1_223' title='bbox 868 3143 1039 3225; x_wconf 86' lang='lat' dir='ltr'><strong>pnmetum</strong></span> <span class='ocrx_word' id='word_1_224' title='bbox 1067 3159 1173 3222; x_wconf 85' lang='lat' dir='ltr'><strong>gerere</strong></span> <span class='ocrx_word' id='word_1_225' title='bbox 1195 3141 1353 3206; x_wconf 88' lang='lat' dir='ltr'><strong>intervos</strong></span> <span class='ocrx_word' id='word_1_226' title='bbox 1382 3162 1434 3208; x_wconf 89' lang='lat' dir='ltr'><strong>er·</strong></span> 
     </span>
    </p>
   </div>
   <div class='ocr_carea' id='block_1_5' title="bbox 258 3321 1437 4590">
    <p class='ocr_par' dir='ltr' id='par_1_7' title="bbox 259 3321 1436 3462">
     <span class='ocr_line' id='line_1_29' title="bbox 259 3321 1433 3404; baseline -0.001 -28"><span class='ocrx_word' id='word_1_227' title='bbox 259 3322 380 3388; x_wconf 83' lang='lat' dir='ltr'><strong>tendunt,</strong></span> <span class='ocrx_word' id='word_1_228' title='bbox 398 3322 707 3404; x_wconf 79' lang='lat' dir='ltr'><strong>quodeonstursibi</strong></span> <span class='ocrx_word' id='word_1_229' title='bbox 726 3323 965 3376; x_wconf 83' lang='lat' dir='ltr'><strong>fecerenomen</strong></span> <span class='ocrx_word' id='word_1_230' title='bbox 982 3321 1076 3376; x_wconf 79' lang='lat' dir='ltr'><strong>iuxta</strong></span> <span class='ocrx_word' id='word_1_231' title='bbox 1093 3337 1211 3376; x_wconf 89' lang='lat' dir='ltr'><strong>nomen</strong></span> <span class='ocrx_word' id='word_1_232' title='bbox 1229 3339 1433 3390; x_wconf 73' lang='lat' dir='ltr'><strong>magnorum,</strong></span> 
     </span>
     <span class='ocr_line' id='line_1_30' title="bbox 276 3389 1436 3462; baseline 0 -16"><span class='ocrx_word' id='word_1_233' title='bbox 276 3393 303 3446; x_wconf 91' lang='lat' dir='ltr'><strong>ui</strong></span> <span class='ocrx_word' id='word_1_234' title='bbox 321 3396 385 3446; x_wconf 88' lang='lat' dir='ltr'><strong>sunt</strong></span> <span class='ocrx_word' id='word_1_235' title='bbox 402 3409 429 3446; x_wconf 88' lang='lat' dir='ltr'><strong>m</strong></span> <span class='ocrx_word' id='word_1_236' title='bbox 448 3393 538 3457; x_wconf 76' lang='lat' dir='ltr'><strong>terris,</strong></span> <span class='ocrx_word' id='word_1_237' title='bbox 563 3392 610 3447; x_wconf 90' lang='lat' dir='ltr'><strong>sed</strong></span> <span class='ocrx_word' id='word_1_238' title='bbox 628 3409 680 3446; x_wconf 92' lang='lat' dir='ltr'><strong>non</strong></span> <span class='ocrx_word' id='word_1_239' title='bbox 697 3392 779 3446; x_wconf 83' lang='lat' dir='ltr'><strong>hebet</strong></span> <span class='ocrx_word' id='word_1_240' title='bbox 796 3409 854 3447; x_wconf 88' lang='lat' dir='ltr'><strong>sum</strong></span> <span class='ocrx_word' id='word_1_241' title='bbox 872 3395 917 3446; x_wconf 87' lang='lat' dir='ltr'><strong>tus</strong></span> <span class='ocrx_word' id='word_1_242' title='bbox 936 3392 971 3446; x_wconf 86' lang='lat' dir='ltr'><strong>ed</strong></span> <span class='ocrx_word' id='word_1_243' title='bbox 989 3389 1182 3462; x_wconf 83' lang='lat' dir='ltr'><strong>perficiendum.</strong></span> <span class='ocrx_word' id='word_1_244' title='bbox 1218 3392 1278 3462; x_wconf 84' lang='lat' dir='ltr'><strong>Vgl.</strong></span> <span class='ocrx_word' id='word_1_245' title='bbox 1299 3392 1366 3446; x_wconf 78' lang='lat' dir='ltr'><strong>such</strong></span> <span class='ocrx_word' id='word_1_246' title='bbox 1385 3393 1436 3446; x_wconf 93' lang='lat' dir='ltr'><strong>den</strong></span> 
     </span>
    </p>

    <p class='ocr_par' dir='ltr' id='par_1_8' title="bbox 258 3410 1437 4503">
     <span class='ocr_line' id='line_1_31' title="bbox 296 3410 1436 3586; baseline 0.001 -70"><span class='ocrx_word' id='word_1_247' title='bbox 296 3462 368 3516; x_wconf 86' lang='lat' dir='ltr'><strong>rieht</strong></span> <span class='ocrx_word' id='word_1_248' title='bbox 385 3463 450 3516; x_wconf 84' lang='lat' dir='ltr'><strong>tiber</strong></span> <span class='ocrx_word' id='word_1_249' title='bbox 468 3463 511 3517; x_wconf 88' lang='lat' dir='ltr'><strong>die</strong></span> <span class='ocrx_word' id='word_1_250' title='bbox 526 3463 772 3586; x_wconf 60' lang='lat' dir='ltr'><strong>Jndenveriolgunq</strong></span> <span class='ocrx_word' id='word_1_251' title='bbox 785 3480 833 3517; x_wconf 82' lang='lat' dir='ltr'><strong>von</strong></span> <span class='ocrx_word' id='word_1_252' title='bbox 847 3410 935 3517; x_wconf 58' lang='lat' dir='ltr'><strong>ssobbi</strong></span> <span class='ocrx_word' id='word_1_253' title='bbox 946 3461 1045 3532; x_wconf 81' lang='lat' dir='ltr'><strong>loseph</strong></span> <span class='ocrx_word' id='word_1_254' title='bbox 1062 3463 1113 3515; x_wconf 90' lang='lat' dir='ltr'><strong>ben</strong></span> <span class='ocrx_word' id='word_1_255' title='bbox 1130 3461 1232 3544; x_wconf 80' lang='lat' dir='ltr'><strong>Joshus</strong></span> <span class='ocrx_word' id='word_1_256' title='bbox 1249 3463 1377 3517; x_wconf 81' lang='lat' dir='ltr'><strong>benhleir</strong></span> <span class='ocrx_word' id='word_1_257' title='bbox 1394 3463 1436 3518; x_wconf 90' lang='lat' dir='ltr'><strong>bei</strong></span> 
     </span>
     <span class='ocr_line' id='line_1_32' title="bbox 259 3531 1436 3602; baseline 0.002 -16"><span class='ocrx_word' id='word_1_258' title='bbox 259 3532 363 3587; x_wconf 80' lang='lat' dir='ltr'><strong>Willren</strong></span> <span class='ocrx_word' id='word_1_259' title='bbox 381 3549 406 3588; x_wconf 79' lang='grc' dir='ltr'><strong>ιι.</strong></span> <span class='ocrx_word' id='word_1_260' title='bbox 425 3551 449 3589; x_wconf 70' lang='lat' dir='ltr'><strong>s</strong></span> <span class='ocrx_word' id='word_1_261' title='bbox 467 3532 500 3589; x_wconf 89' lang='grc' dir='ltr'><strong>Ο.</strong></span> <span class='ocrx_word' id='word_1_262' title='bbox 517 3533 568 3599; x_wconf 87' lang='grc' dir='ltr'><strong>ΠΙ,</strong></span> <span class='ocrx_word' id='word_1_263' title='bbox 586 3533 695 3602; x_wconf 78' lang='lat' dir='ltr'><strong>Beilsge</strong></span> <span class='ocrx_word' id='word_1_264' title='bbox 712 3533 735 3600; x_wconf 90' lang='lat'><strong>1,</strong></span> <span class='ocrx_word' id='word_1_265' title='bbox 773 3573 779 3587; x_wconf 91' lang='lat'><strong><em>.</em></strong></span> <span class='ocrx_word' id='word_1_266' title='bbox 801 3537 895 3589; x_wconf 81' lang='lat'>1-17.</span> <span class='ocrx_word' id='word_1_267' title='bbox 931 3533 1028 3586; x_wconf 82' lang='lat' dir='ltr'><strong>Feruor</strong></span> <span class='ocrx_word' id='word_1_268' title='bbox 1046 3533 1094 3586; x_wconf 84' lang='lat' dir='ltr'><strong>das</strong></span> <span class='ocrx_word' id='word_1_269' title='bbox 1111 3531 1197 3586; x_wconf 86' lang='lat' dir='ltr'><strong>Urterl</strong></span> <span class='ocrx_word' id='word_1_270' title='bbox 1216 3531 1263 3586; x_wconf 89' lang='lat' dir='ltr'><strong>des</strong></span> <span class='ocrx_word' id='word_1_271' title='bbox 1280 3533 1436 3588; x_wconf 85' lang='lat' dir='ltr'><strong>berlihmten</strong></span> 
     </span>
     <span class='ocr_line' id='line_1_33' title="bbox 260 3602 1436 3673; baseline 0.001 -16"><span class='ocrx_word' id='word_1_272' title='bbox 260 3602 344 3657; x_wconf 78' lang='lat' dir='ltr'><strong>Abies</strong></span> <span class='ocrx_word' id='word_1_273' title='bbox 360 3603 439 3658; x_wconf 87' lang='lat' dir='ltr'><strong>Peter</strong></span> <span class='ocrx_word' id='word_1_274' title='bbox 462 3604 509 3658; x_wconf 89' lang='lat' dir='ltr'><strong>des</strong></span> <span class='ocrx_word' id='word_1_275' title='bbox 526 3603 717 3672; x_wconf 81' lang='lat' dir='ltr'><strong>Ehrsrdrdigsn</strong></span> <span class='ocrx_word' id='word_1_276' title='bbox 735 3620 785 3657; x_wconf 82' lang='lat' dir='ltr'><strong>von</strong></span> <span class='ocrx_word' id='word_1_277' title='bbox 803 3603 887 3673; x_wconf 84' lang='lat' dir='ltr'><strong>Cluny</strong></span> <span class='ocrx_word' id='word_1_278' title='bbox 905 3604 934 3657; x_wconf 91' lang='lat' dir='ltr'><strong>in</strong></span> <span class='ocrx_word' id='word_1_279' title='bbox 952 3605 1035 3658; x_wconf 91' lang='lat' dir='ltr'><strong>einem</strong></span> <span class='ocrx_word' id='word_1_280' title='bbox 1054 3602 1140 3658; x_wconf 86' lang='lat' dir='ltr'><strong>Briele</strong></span> <span class='ocrx_word' id='word_1_281' title='bbox 1158 3619 1193 3657; x_wconf 79' lang='lat' dir='ltr'><strong>en</strong></span> <span class='ocrx_word' id='word_1_282' title='bbox 1212 3603 1263 3658; x_wconf 92' lang='lat' dir='ltr'><strong>den</strong></span> <span class='ocrx_word' id='word_1_283' title='bbox 1280 3603 1368 3673; x_wconf 85' lang='lat' dir='ltr'><strong>Kdnig</strong></span> <span class='ocrx_word' id='word_1_284' title='bbox 1386 3621 1436 3658; x_wconf 82' lang='lat' dir='ltr'><strong>ron</strong></span> 
     </span>
     <span class='ocr_line' id='line_1_34' title="bbox 258 3672 1436 3746; baseline 0 -18"><span class='ocrx_word' id='word_1_285' title='bbox 258 3672 418 3728; x_wconf 68' lang='lat' dir='ltr'><strong>Frenheiuh</strong></span> <span class='ocrx_word' id='word_1_286' title='bbox 436 3676 462 3742; x_wconf 86' lang='lat' dir='ltr'><strong>(e</strong></span> <span class='ocrx_word' id='word_1_287' title='bbox 479 3693 505 3745; x_wconf 93' lang='lat' dir='ltr'><strong>p.</strong></span> <span class='ocrx_word' id='word_1_288' title='bbox 523 3674 571 3742; x_wconf 88' lang='lat' dir='ltr'><strong>IV,</strong></span> <span class='ocrx_word' id='word_1_289' title='bbox 588 3675 648 3742; x_wconf 78' lang='lat'>36):</span> <span class='ocrx_word' id='word_1_290' title='bbox 667 3673 738 3739; x_wconf 78' lang='lat' dir='ltr'><strong>Quid</strong></span> <span class='ocrx_word' id='word_1_291' title='bbox 755 3674 873 3743; x_wconf 90' lang='lat' dir='ltr'><strong>proderit</strong></span> <span class='ocrx_word' id='word_1_292' title='bbox 889 3674 1008 3728; x_wconf 88' lang='lat' dir='ltr'><strong>inimioos</strong></span> <span class='ocrx_word' id='word_1_293' title='bbox 1032 3672 1191 3728; x_wconf 79' lang='lat' dir='ltr'><strong>christianae</strong></span> <span class='ocrx_word' id='word_1_294' title='bbox 1215 3673 1271 3746; x_wconf 90' lang='lat' dir='ltr'><strong>spei</strong></span> <span class='ocrx_word' id='word_1_295' title='bbox 1294 3674 1323 3728; x_wconf 91' lang='lat' dir='ltr'><strong>in</strong></span> <span class='ocrx_word' id='word_1_296' title='bbox 1340 3675 1436 3728; x_wconf 84' lang='lat' dir='ltr'><strong>exteris</strong></span> 
     </span>
     <span class='ocr_line' id='line_1_35' title="bbox 259 3693 1437 3827; baseline 0.001 -29"><span class='ocrx_word' id='word_1_297' title='bbox 259 3748 306 3798; x_wconf 78' lang='lat' dir='ltr'><strong>sut</strong></span> <span class='ocrx_word' id='word_1_298' title='bbox 329 3745 436 3799; x_wconf 85' lang='lat' dir='ltr'><strong>remotis</strong></span> <span class='ocrx_word' id='word_1_299' title='bbox 458 3693 556 3799; x_wconf 54' lang='lat' dir='ltr'><strong>Knibus</strong></span> <span class='ocrx_word' id='word_1_300' title='bbox 579 3743 682 3814; x_wconf 85' lang='lat' dir='ltr'><strong>insequi</strong></span> <span class='ocrx_word' id='word_1_301' title='bbox 701 3761 732 3798; x_wconf 86' lang='lat' dir='ltr'><strong>eo</strong></span> <span class='ocrx_word' id='word_1_302' title='bbox 754 3744 886 3814; x_wconf 87' lang='lat' dir='ltr'><strong>persequi,</strong></span> <span class='ocrx_word' id='word_1_303' title='bbox 911 3743 935 3798; x_wconf 90' lang='lat' dir='ltr'><strong>si</strong></span> <span class='ocrx_word' id='word_1_304' title='bbox 954 3760 1078 3825; x_wconf 81' lang='lat' dir='ltr'><strong>nequem,</strong></span> <span class='ocrx_word' id='word_1_305' title='bbox 1102 3743 1251 3827; x_wconf 76' lang='lat' dir='ltr'><strong>blasphemi</strong></span> <span class='ocrx_word' id='word_1_306' title='bbox 1270 3744 1437 3827; x_wconf 80' lang='lat' dir='ltr'><strong>longeque</strong></span> 
     </span>
     <span class='ocr_line' id='line_1_36' title="bbox 258 3813 1433 3882; baseline 0.001 -14"><span class='ocrx_word' id='word_1_307' title='bbox 258 3815 453 3870; x_wconf 79' lang='lat' dir='ltr'><strong>Sarracenis</strong></span> <span class='ocrx_word' id='word_1_308' title='bbox 472 3815 663 3869; x_wconf 90' lang='lat' dir='ltr'><strong>deteriores</strong></span> <span class='ocrx_word' id='word_1_309' title='bbox 674 3813 792 3868; x_wconf 85' lang='lat' dir='ltr'><strong>Iudsei</strong></span> <span class='ocrx_word' id='word_1_310' title='bbox 810 3831 862 3868; x_wconf 92' lang='lat' dir='ltr'><strong>non</strong></span> <span class='ocrx_word' id='word_1_311' title='bbox 873 3814 1072 3882; x_wconf 81' lang='lat' dir='ltr'><strong>longesnobrs,</strong></span> <span class='ocrx_word' id='word_1_312' title='bbox 1085 3814 1131 3868; x_wconf 89' lang='lat' dir='ltr'><strong>sed</strong></span> <span class='ocrx_word' id='word_1_313' title='bbox 1143 3815 1171 3868; x_wconf 93' lang='lat' dir='ltr'><strong>in</strong></span> <span class='ocrx_word' id='word_1_314' title='bbox 1183 3814 1269 3869; x_wconf 79' lang='lat' dir='ltr'><strong>medlo</strong></span> <span class='ocrx_word' id='word_1_315' title='bbox 1287 3817 1371 3870; x_wconf 83' lang='lat' dir='ltr'><strong>nostn</strong></span> <span class='ocrx_word' id='word_1_316' title='bbox 1385 3857 1391 3870; x_wconf 94' lang='lat'><strong><em>.</em></strong></span> <span class='ocrx_word' id='word_1_317' title='bbox 1405 3855 1433 3870; x_wconf 87' lang='lat'><strong>..</strong></span> 
     </span>
     <span class='ocr_line' id='line_1_37' title="bbox 259 3884 1436 3965; baseline -0.002 -25"><span class='ocrx_word' id='word_1_318' title='bbox 259 3885 419 3941; x_wconf 79' lang='lat' dir='ltr'><strong>Christum.</strong></span> <span class='ocrx_word' id='word_1_319' title='bbox 438 3923 444 3938; x_wconf 89' lang='lat'>.</span> <span class='ocrx_word' id='word_1_320' title='bbox 463 3925 471 3940; x_wconf 84' lang='lat'><strong>.</strong></span> <span class='ocrx_word' id='word_1_321' title='bbox 491 3884 754 3956; x_wconf 72' lang='lat' dir='ltr'><strong>blasphemaverint?</strong></span> <span class='ocrx_word' id='word_1_322' title='bbox 847 3885 917 3952; x_wconf 88' lang='lat' dir='ltr'><strong>Non,</strong></span> <span class='ocrx_word' id='word_1_323' title='bbox 936 3884 1052 3965; x_wconf 85' lang='lat' dir='ltr'><strong>inquam,</strong></span> <span class='ocrx_word' id='word_1_324' title='bbox 1071 3887 1102 3938; x_wconf 89' lang='lat' dir='ltr'><strong>ut</strong></span> <span class='ocrx_word' id='word_1_325' title='bbox 1119 3885 1281 3952; x_wconf 85' lang='lat' dir='ltr'><strong>oeoidsntur,</strong></span> <span class='ocrx_word' id='word_1_326' title='bbox 1301 3885 1436 3951; x_wconf 80' lang='lat' dir='ltr'><strong>admoneo,</strong></span> 
     </span>
     <span class='ocr_line' id='line_1_38' title="bbox 259 3954 1436 4025; baseline 0 -15"><span class='ocrx_word' id='word_1_327' title='bbox 259 3956 305 4010; x_wconf 89' lang='lat' dir='ltr'><strong>sed</strong></span> <span class='ocrx_word' id='word_1_328' title='bbox 328 3959 361 4009; x_wconf 90' lang='lat' dir='ltr'><strong>ut</strong></span> <span class='ocrx_word' id='word_1_329' title='bbox 386 3958 545 4025; x_wconf 85' lang='lat' dir='ltr'><strong>oongruente</strong></span> <span class='ocrx_word' id='word_1_330' title='bbox 567 3972 585 4009; x_wconf 94' lang='lat' dir='ltr'><strong>n</strong></span> <span class='ocrx_word' id='word_1_331' title='bbox 619 3954 701 4009; x_wconf 77' lang='lat' dir='ltr'><strong>uitine</strong></span> <span class='ocrx_word' id='word_1_332' title='bbox 725 3972 789 4009; x_wconf 84' lang='lat' dir='ltr'><strong>suse</strong></span> <span class='ocrx_word' id='word_1_333' title='bbox 812 3954 890 4008; x_wconf 92' lang='lat' dir='ltr'><strong>modo</strong></span> <span class='ocrx_word' id='word_1_334' title='bbox 917 3957 1072 4025; x_wconf 82' lang='lat' dir='ltr'><strong>punientur,</strong></span> <span class='ocrx_word' id='word_1_335' title='bbox 1095 3955 1217 4010; x_wconf 88' lang='lat' dir='ltr'><strong>exhortor</strong></span> <span class='ocrx_word' id='word_1_336' title='bbox 1239 3995 1246 4009; x_wconf 88' lang='lat'><em>.</em></span> <span class='ocrx_word' id='word_1_337' title='bbox 1272 3994 1278 4006; x_wconf 94' lang='lat'><strong>.</strong></span> <span class='ocrx_word' id='word_1_338' title='bbox 1302 3997 1309 4011; x_wconf 92' lang='lat'><em>.</em></span> <span class='ocrx_word' id='word_1_339' title='bbox 1346 3955 1436 4021; x_wconf 83' lang='lat' dir='ltr'><strong>Quid</strong></span> 
     </span>
     <span class='ocr_line' id='line_1_39' title="bbox 259 4023 1436 4097; baseline 0 -17"><span class='ocrx_word' id='word_1_340' title='bbox 259 4026 400 4093; x_wconf 89' lang='lat' dir='ltr'><strong>iustius,</strong></span> <span class='ocrx_word' id='word_1_341' title='bbox 427 4043 522 4097; x_wconf 83' lang='lat' dir='ltr'><strong>quem</strong></span> <span class='ocrx_word' id='word_1_342' title='bbox 545 4029 584 4080; x_wconf 92' lang='lat' dir='ltr'><strong>ut</strong></span> <span class='ocrx_word' id='word_1_343' title='bbox 631 4026 675 4092; x_wconf 90' lang='lat' dir='ltr'><strong>is,</strong></span> <span class='ocrx_word' id='word_1_344' title='bbox 698 4023 1198 4096; x_wconf 81' lang='lat' dir='ltr'><strong>quselrsudnlenterluereti</strong></span> <span class='ocrx_word' id='word_1_345' title='bbox 1217 4029 1312 4092; x_wconf 87' lang='lat' dir='ltr'><strong>sunt,</strong></span> <span class='ocrx_word' id='word_1_346' title='bbox 1332 4024 1436 4080; x_wconf 89' lang='lat' dir='ltr'><strong>desti·</strong></span> 
     </span>
     <span class='ocr_line' id='line_1_40' title="bbox 259 4094 1436 4167; baseline 0 -17"><span class='ocrx_word' id='word_1_347' title='bbox 259 4099 414 4163; x_wconf 75' lang='lat' dir='ltr'><strong>tuentur,</strong></span> <span class='ocrx_word' id='word_1_348' title='bbox 443 4114 511 4167; x_wconf 76' lang='lat' dir='ltr'><strong>quse</strong></span> <span class='ocrx_word' id='word_1_349' title='bbox 538 4095 660 4166; x_wconf 85' lang='lat' dir='ltr'><strong>nequiter</strong></span> <span class='ocrx_word' id='word_1_350' title='bbox 684 4095 767 4149; x_wconf 80' lang='lat' dir='ltr'><strong>dursti</strong></span> <span class='ocrx_word' id='word_1_351' title='bbox 793 4099 869 4162; x_wconf 90' lang='lat' dir='ltr'><strong>sunt,</strong></span> <span class='ocrx_word' id='word_1_352' title='bbox 897 4097 929 4148; x_wconf 93' lang='lat' dir='ltr'><strong>ut</strong></span> <span class='ocrx_word' id='word_1_353' title='bbox 951 4094 1051 4148; x_wconf 86' lang='lat' dir='ltr'><strong>iuribus</strong></span> <span class='ocrx_word' id='word_1_354' title='bbox 1070 4135 1075 4146; x_wconf 89' lang='lat'>.</span> <span class='ocrx_word' id='word_1_355' title='bbox 1097 4137 1128 4150; x_wconf 91' lang='lat'><strong>..</strong></span> <span class='ocrx_word' id='word_1_356' title='bbox 1156 4096 1327 4150; x_wconf 81' lang='lat' dir='ltr'><strong>auferentur?</strong></span> <span class='ocrx_word' id='word_1_357' title='bbox 1363 4096 1436 4150; x_wconf 87' lang='lat' dir='ltr'><strong>Non</strong></span> 
     </span>
     <span class='ocr_line' id='line_1_41' title="bbox 260 4164 1436 4238; baseline -0.001 -17"><span class='ocrx_word' id='word_1_358' title='bbox 260 4166 342 4221; x_wconf 91' lang='lat' dir='ltr'><strong>enim</strong></span> <span class='ocrx_word' id='word_1_359' title='bbox 360 4166 400 4221; x_wconf 90' lang='lat' dir='ltr'><strong>ds</strong></span> <span class='ocrx_word' id='word_1_360' title='bbox 417 4166 571 4238; x_wconf 85' lang='lat' dir='ltr'><strong>simplioi</strong></span> <span class='ocrx_word' id='word_1_361' title='bbox 589 4165 667 4235; x_wconf 81' lang='lat' dir='ltr'><strong>egri</strong></span> <span class='ocrx_word' id='word_1_362' title='bbox 685 4166 840 4232; x_wconf 82' lang='lat' dir='ltr'><strong>cultura,</strong></span> <span class='ocrx_word' id='word_1_363' title='bbox 864 4181 927 4219; x_wconf 91' lang='lat' dir='ltr'><strong>non</strong></span> <span class='ocrx_word' id='word_1_364' title='bbox 953 4165 992 4219; x_wconf 94' lang='lat' dir='ltr'><strong>de</strong></span> <span class='ocrx_word' id='word_1_365' title='bbox 1010 4164 1119 4232; x_wconf 82' lang='lat' dir='ltr'><strong>legali</strong></span> <span class='ocrx_word' id='word_1_366' title='bbox 1143 4165 1290 4232; x_wconf 83' lang='lat' dir='ltr'><strong>militis,</strong></span> <span class='ocrx_word' id='word_1_367' title='bbox 1314 4183 1379 4220; x_wconf 92' lang='lat' dir='ltr'><strong>non</strong></span> <span class='ocrx_word' id='word_1_368' title='bbox 1399 4165 1436 4220; x_wconf 89' lang='lat' dir='ltr'><strong>ds</strong></span> 
     </span>
     <span class='ocr_line' id='line_1_42' title="bbox 260 4235 1435 4320; baseline -0.001 -29"><span class='ocrx_word' id='word_1_369' title='bbox 260 4236 420 4319; x_wconf 79' lang='lat' dir='ltr'><strong>quolibet</strong></span> <span class='ocrx_word' id='word_1_370' title='bbox 442 4237 585 4319; x_wconf 77' lang='lat' dir='ltr'><strong>honesto</strong></span> <span class='ocrx_word' id='word_1_371' title='bbox 608 4239 643 4290; x_wconf 89' lang='lat' dir='ltr'><strong>et</strong></span> <span class='ocrx_word' id='word_1_372' title='bbox 666 4236 752 4319; x_wconf 77' lang='lat' dir='ltr'><strong>utili</strong></span> <span class='ocrx_word' id='word_1_373' title='bbox 776 4236 902 4290; x_wconf 85' lang='lat' dir='ltr'><strong>oilioio</strong></span> <span class='ocrx_word' id='word_1_374' title='bbox 919 4235 1013 4290; x_wconf 79' lang='lat' dir='ltr'><strong>horreo</strong></span> <span class='ocrx_word' id='word_1_375' title='bbox 1030 4251 1079 4288; x_wconf 78' lang='lat' dir='ltr'><strong>sus</strong></span> <span class='ocrx_word' id='word_1_376' title='bbox 1096 4236 1223 4304; x_wconf 84' lang='lat' dir='ltr'><strong>lmglbus,</strong></span> <span class='ocrx_word' id='word_1_377' title='bbox 1242 4237 1349 4320; x_wconf 71' lang='lat' dir='ltr'><strong>cellaria</strong></span> <span class='ocrx_word' id='word_1_378' title='bbox 1366 4236 1435 4304; x_wconf 81' lang='lat' dir='ltr'><strong>rino,</strong></span> 
     </span>
     <span class='ocr_line' id='line_1_43' title="bbox 259 4306 1435 4460; baseline 0.002 -30"><span class='ocrx_word' id='word_1_379' title='bbox 259 4306 1435 4460; x_wconf 44' lang='lat' dir='ltr'><strong>lmdfellbsrfftbllldltblb?flebelllllllbltbblltz</strong></span> 
     </span>
     <span class='ocr_line' id='line_1_44' title="bbox 259 4448 580 4503; baseline 0 -1"><span class='ocrx_word' id='word_1_380' title='bbox 259 4448 394 4502; x_wconf 78' lang='lat' dir='ltr'><strong>leretur</strong></span> <span class='ocrx_word' id='word_1_381' title='bbox 434 4452 580 4503; x_wconf 80' lang='lat' dir='ltr'><strong>eounrs“</strong></span> 
     </span>
    </p>

    <p class='ocr_par' dir='ltr' id='par_1_9' title="bbox 350 4517 1073 4590">
     <span class='ocr_line' id='line_1_45' title="bbox 350 4517 1073 4590; baseline -0.006 -16"><span class='ocrx_word' id='word_1_382' title='bbox 350 4518 376 4590; x_wconf 77' lang='grc'><strong>*)</strong></span> <span class='ocrx_word' id='word_1_383' title='bbox 417 4518 454 4588; x_wconf 89' lang='lat' dir='ltr'><strong>gl.</strong></span> <span class='ocrx_word' id='word_1_384' title='bbox 473 4519 525 4574; x_wconf 89' lang='lat' dir='ltr'><strong>den</strong></span> <span class='ocrx_word' id='word_1_385' title='bbox 541 4518 771 4588; x_wconf 75' lang='lat' dir='ltr'><strong>vorensgehenden</strong></span> <span class='ocrx_word' id='word_1_386' title='bbox 787 4517 886 4573; x_wconf 79' lang='lat' dir='ltr'><strong>Arriruf</strong></span> <span class='ocrx_word' id='word_1_387' title='bbox 900 4519 1006 4588; x_wconf 76' lang='lat' dir='ltr'><strong>liugom</strong></span> <span class='ocrx_word' id='word_1_388' title='bbox 1024 4517 1073 4571; x_wconf 90' lang='lat'>111.</span> 
     </span>
    </p>
   </div>
   <div class='ocr_carea' id='block_1_6' title="bbox 0 0 1814 5284">
    <p class='ocr_par' dir='ltr' id='par_1_10' title="bbox 0 0 1814 5284">
     <span class='ocr_line' id='line_1_46' title="bbox 0 0 1814 5284; baseline 0 0"><span class='ocrx_word' id='word_1_389' title='bbox 0 0 1814 5284; x_wconf 95' lang='lat' dir='ltr'><strong> </strong></span> 
     </span>
    </p>
   </div>
  </div>
 </body>
</html>
