3617 5284
370 526 412 589 58

370 697 471 780 gatis
498 698 596 781 regis,
631 696 668 762 dc
695 697 771 781 ipsis
799 696 956 779 regsh'bus
984 695 1203 760 intromittant.
1259 695 1315 760 Set
1335 715 1393 760 nec
1418 695 1550 779 posteris

368 784 484 848 nostris
506 785 600 848 liceat
622 784 675 865 qni
698 786 769 882 post
789 802 846 880 nos
865 783 897 846 in
920 781 1089 878 apostolica
1110 781 1183 845 sede
1199 782 1411 880 successerint,
1433 786 1475 858 te,
1497 784 1553 845 aut

370 867 1555 1038 {collisastellionatus,tecutislueth

376 1045 464 1106 nond
477 1041 682 1124 pertinebant
703 1041 819 1116 liberas,
831 1058 957 1104 manere
974 1039 1178 1116 decernimur,
1200 1039 1283 1103 sicut
1295 1040 1328 1102 in
1343 1039 1393 1103 die
1403 1039 1555 1103 coronati·

371 1127 438 1192 onis
453 1131 527 1192 tuae
539 1127 571 1190 in
584 1129 751 1211 conspectu
765 1126 861 1190 totius
874 1125 1021 1190 ccclesiae
1034 1124 1213 1208 promisisti.
1237 1124 1368 1208 Oportet
1379 1125 1462 1188 enirn
1474 1125 1556 1207 cpis-

371 1232 462 1296 copos
485 1213 567 1278 curis
582 1213 774 1277 secularibus
789 1211 956 1295 expeditos,
980 1229 1087 1274 curam
1102 1229 1232 1274 suorum
1254 1229 1345 1291 agere
1361 1210 1554 1294 populorum,

372 1318 429 1364 nec
451 1298 587 1363 ecclesiis
622 1299 687 1362 suis
716 1298 823 1362 abesse
861 1296 988 1360 diutins
1045 1295 1110 1380 Ipsi
1144 1296 1227 1359 enim
1253 1296 1357 1360 iurata
1379 1296 1554 1379 apostolum

374 1384 511 1449 Paulum
542 1383 738 1467 pervigilant,
771 1386 935 1465 tamquam
967 1383 1121 1447 rationem
1153 1401 1208 1466 pro
1231 1382 1394 1446 animabus
1430 1399 1556 1445 aeorum

377 1470 577 1554 redditores)

376 1643 410 1717 h)
425 1641 591 1711 Psactalia
603 1643 634 1710 ΙΙ.
655 1642 846 1728 privilegium
869 1643 1030 1712 mcuodas
1044 1641 1272 1723 conventionis,
1293 1641 1335 1708 12.
1347 1641 1432 1724 apro
1451 1637 1514 1709 llll.
1525 1640 1557 1722 *l

750 1753 830 1824 (non.
851 1752 939 1809 Germ.
958 1754 1027 1822 agg.
1045 1753 1082 1818 11,
1101 1753 1182 1820 rar.)

461 1868 496 1932 P.
519 1868 689 1951 episcopus,
712 1887 820 1932 servus
843 1887 1003 1932 servornm
1017 1866 1084 1942 Dei,
1106 1867 1268 1931 karissimo
1289 1867 1322 1930 in
1341 1866 1464 1932 Christo
1486 1866 1557 1943 filio,

375 1954 414 2018 Η.
437 1954 569 2037 glorioso
591 1953 831 2018 Teutonicorum
853 1953 927 2034 regi,
961 1956 992 2016 et
1021 1972 1076 2035 per
1097 1951 1156 2016 Dei
1179 1953 1398 2036 omnipotentis
1423 1952 1557 2035 gratiam

377 2041 589 2105 Romanorum
617 2039 795 2123 imperatori
825 2041 973 2121 augusto,
1007 2038 1141 2102 salutem
1170 2040 1202 2102 et
1235 2039 1435 2121 apostohcam
1466 2040 1559 2102 bene·

375 2125 550 2190 dictionem.
607 2125 749 2208 Regnum
775 2128 912 2189 vestrum
942 2127 1069 2188 sanctae
1091 2125 1252 2189 Romanae
1280 2125 1426 2190 eeclesiae
1452 2125 1559 2205 singu·

375 2213 482 2276 lariter
504 2213 656 2287 coherere,
683 2210 841 2294 dispositio
864 2210 968 2274 divina
989 2210 1159 2275 constituit
1202 2209 1440 2275 Predcccssorcs
1462 2209 1558 2274 vestri

374 2297 538 2381 probitatis
569 2299 600 2360 et
627 2297 790 2380 prudentie
821 2296 978 2381 amplioris
1008 2296 1108 2378 gratia
1130 2297 1269 2361 Romane
1298 2297 1384 2360 urhis
1414 2314 1559 2361 coronam
1637 2377 1640 2381 ¹

376 2387 408 2448 et
429 2383 596 2467 imperium
618 2383 774 2447 consecuti
797 2385 880 2446 sunt.
936 2381 984 2445 Ad
1013 2382 1101 2446 cuius
1123 2382 1267 2446 videlicet
1289 2401 1418 2446 coronae
1447 2386 1480 2446 et
1502 2381 1561 2445 im·

378 2469 456 2552 perii
479 2467 673 2551 dignitatem,
706 2471 795 2533 tuam
824 2487 948 2551 quoque
976 2487 1140 2551 personam
1170 2467 1213 2530 fili
1235 2467 1406 2544 karissime,
1438 2467 1478 2530 Η.
1506 2485 1562 2550 per

381 2555 479 2618 nostri
514 2553 677 2618 sacerdotii
710 2554 920 2618 ministerium
953 2553 1101 2618 maiestas
1134 2553 1238 2617 didna
1268 2553 1416 2637 provexit
1469 2551 1561 2616 Illam

379 2641 476 2722 igitur
498 2639 659 2721 dignitatis
682 2640 919 2723 prerogativam,
954 2657 1050 2720 quam
1078 2637 1310 2722 predecessores
1331 2637 1430 2704 nostri
1451 2638 1560 2721 prede·

380 2725 552 2792 cessoribus
574 2724 638 2788 tuis
662 2725 819 2790 catholicis
842 2724 1080 2809 imperatoribus
1103 2727 1329 2800 concesserunt,
1352 2727 1384 2788 et
1406 2723 1562 2807 privilegi·-

381 2831 471 2877 orum
499 2810 620 2895 paginis
650 2811 927 2886 confirmaverunt,
965 2829 1022 2874 nos
1051 2828 1174 2892 quoqne
1204 2808 1361 2874 dilectioni
1388 2813 1461 2873 tuae
1491 2828 1562 2874 con·

381 2898 528 2974 cedimus,
551 2899 583 2960 et
605 2897 759 2980 presentis
780 2896 934 2980 privilegii
955 2896 1070 2979 pagina
1091 2896 1319 2974 confirmamus,
1347 2898 1385 2960 ut
1405 2895 1493 2977 regni
1514 2894 1561 2958 tui

381 2980 1315 3150 lectitatththlhttthnislhh
1331 2981 1564 3132 teleta

382 3215 590 3222 ..ἠ-*-

468 3274 493 3336 a)
506 3269 683 3336 Liebesgshen
696 3284 729 3320 an
746 3266 902 3320 Naturalien
916 3265 971 3319 nnd
990 3263 1065 3320 Gcld
1084 3267 1116 3330 b)
1131 3266 1409 3335 Privatschenlrungen
1427 3282 1461 3319 an
1480 3265 1564 3320 hand

381 3341 404 3409 c)
424 3341 493 3395 ltsat
510 3341 587 3394 Perta
605 3355 674 3407 weg;
693 3354 722 3391 ss
740 3337 813 3391 steht
831 3338 894 3390 aber
916 3337 953 3396 im
972 3335 1034 3391 Cod.
1053 3336 1113 3402 Ud,
1133 3337 1210 3390 sowie
1228 3336 1256 3390 in
1275 3336 1321 3390 der
1338 3336 1475 3408 promissio
1493 3336 1563 3406 regis

381 3411 435 3466 und
444 3411 510 3466 wird
522 3410 604 3464 durch
615 3408 664 3462 den
675 3407 902 3476 Zusammsnhang
910 3407 1050 3476 geiordert
1070 3407 1098 3477 d)
1110 3408 1190 3461 Porro
1256 3406 1394 3476 redditury
1402 3407 1470 3461 fehlt
1479 3406 1563 3472 nicht,
1654 3443 1657 3450 -

382 3483 430 3536 uie
442 3482 519 3536 Perta
537 3481 628 3547 meint,
646 3480 683 3532 im
693 3479 755 3534 Cod.
766 3479 827 3545 Ud,
846 3477 959 3532 sondern
976 3477 1014 3530 ist
1032 3477 1092 3531 dort
1110 3495 1160 3532 nur
1177 3479 1304 3532 verstellt
1316 3508 1350 3516 —
1363 3478 1418 3532 Der
1427 3477 1489 3532 Cod.
1499 3477 1562 3532 Vat.

380 3552 453 3606 sahrt
471 3551 659 3606 lort:·Postsa
679 3567 724 3603 rex
742 3567 801 3603 cum
819 3549 940 3603 omnibus
958 3548 1014 3601 anis
1032 3547 1189 3602 consiliariis
1208 3548 1336 3602 diabolico
1354 3565 1368 3602 s
1386 3548 1450 3603 iritu
1468 3549 1561 3618 plenus

382 3623 484 3692 (Pertaz
503 3621 616 3693 plenius)
636 3620 678 3674 his
696 3620 817 3674 omnibus
829 3619 996 3690 pactionibus
1008 3621 1036 3672 et
1053 3619 1225 3674 sacramentis
1244 3619 1278 3672 ad
1296 3618 1366 3672 nich'
1379 3635 1424 3672 nm
1442 3619 1563 3673 deductis

382 3697 442 3764 post
460 3691 649 3764 processionem
673 3691 758 3761 pridie
780 3691 845 3744 Idus
863 3689 987 3743 Februar.
1008 3704 1075 3743 anno
1099 3689 1251 3744 duodecimo
1268 3690 1438 3760 pontificatus
1461 3690 1563 3744 clusin

384 3765 495 3818 ecelesia
512 3762 584 3844 beati
602 3761 677 3844 Petri
694 3762 764 3844 sicut
779 3761 890 3843 indutus
908 3763 967 3842 erat
986 3762 1016 3813 ut
1032 3760 1141 3842 missam
1153 3761 1298 3841 celebraret
1308 3764 1337 3813 et
1348 3776 1408 3841 oum
1420 3765 1564 3826 coronaret,

381 3829 1482 3972 tthfltlttditetisistmltdttffiltmtnhthtt
1495 3847 1565 3954 tlt

383 3993 414 4029 ao
432 3977 459 4030 in
478 3975 599 4030 custodia
617 3973 693 4028 abuit
742 3975 839 4028 rduos
857 3988 968 4026 menses.

469 4045 494 4113 ‘l
518 4045 603 4100 Ueher
635 4045 677 4098 die
719 4044 918 4111 erhandlungen
945 4041 1073 4095 awisehen
1097 4041 1225 4096 Heinrich
1251 4060 1275 4097 u.
1303 4042 1415 4096 Paschal
1442 4042 1565 4095 wdhrend

384 4118 430 4171 des
442 4117 579 4171 Ietateren
594 4114 818 4183 Geiangensehaft
835 4113 912 4167 dient
926 4129 976 4166 uns
989 4112 1129 4166 wiedcrum
1142 4113 1182 4166 als
1195 4111 1287 4178 Quelle
1297 4113 1340 4167 ein
1353 4113 1381 4166 in
1394 4112 1438 4166 die
1450 4111 1566 4166 Annales

382 4188 494 4242 Romani
513 4187 740 4255 aulgenommenes
758 4184 840 4238 Sthclr
867 4184 913 4238 des
992 4183 1086 4236 'strum
1103 4183 1249 4250 Paschslis,
1273 4184 1351 4238 sonia
1370 4182 1566 4238 Codlldalrici

382 4259 439 4322 (Nr.
459 4261 510 4312 ‘264
529 4256 583 4310 und
603 4260 671 4320 2653
696 4253 765 4309 Jaffe'
777 4255 809 4322 V,
828 4259 880 4310 274
899 4254 935 4319 R,
981 4270 1002 4308 r.
1023 4255 1092 4321 150).
1128 4254 1187 4307 Wir
1203 4256 1287 4323 geben
1304 4255 1341 4308 im
1359 4252 1565 4322 nachlolgenden

385 4329 432 4382 das
451 4328 498 4381 sul
514 4326 606 4381 Grund
626 4326 710 4380 dieser
727 4326 950 4393 Verhsndlnngen
974 4340 1017 4376 am
1038 4327 1078 4378 12.
1098 4324 1173 4395 April
1193 4325 1364 4393 ausgestellte
1381 4323 1504 4392 Privileg,
1522 4323 1566 4376 fiir

383 4399 476 4453 dessen
494 4397 601 4451 Edition
620 4397 696 4451 Perta
716 4397 842 4451 ebenialls
860 4397 911 4449 den
930 4393 993 4449 Cod.
1011 4393 1073 4450 Vat.
1092 4395 1140 4448 Nr.
1156 4400 1223 4449 1984
1241 4396 1293 4450 mit
1309 4395 1397 4449 Reeht
1408 4411 1439 4447 au
1460 4392 1568 4449 Grunde

382 4469 472 4539 gelsgt
492 4468 549 4524 hat.
