3617 5284
374 563 439 629 228

373 735 415 799 Et
436 738 474 798 ιιι
504 735 598 800 liceat
624 735 820 811 civitatibus,
851 733 969 798 domini
996 735 1191 818 imperatoris
1219 735 1388 819 pemrissn,
1422 737 1455 800 et
1483 735 1551 800 aliis

373 821 713 898 omnbusasooietabs
728 820 872 884 eamdem
882 821 1063 886 societatem
1075 821 1197 885 firmam
1209 823 1314 886 tenere
1326 824 1358 886 et
1368 823 1552 898 iuramenta,

374 926 588 990 quaecumque
611 906 781 984 voluerint,
813 906 896 970 inter
919 925 952 971 se
974 906 1074 972 facere
1097 909 1129 970 et
1150 926 1298 972 renovare
1320 912 1352 971 et
1373 927 1497 990 semper
1518 909 1551 971 in

373 994 493 1058 unitate
528 993 674 1058 ecclesiae
708 1011 905 1076 permanere,
939 994 990 1070 ut,
1024 993 1196 1075 siquando
1219 996 1387 1078 imperator
1413 995 1462 1058 vel
1485 993 1551 1058 eius

372 1098 531 1144 successor
565 1092 621 1142 snt
652 1079 732 1143 alius
764 1081 872 1143 contra
903 1078 985 1142 haue
1018 1079 1212 1144 concordiam
1242 1081 1347 1144 uenire
1376 1080 1551 1154 tentaverit,

371 1165 494 1249 possint
515 1165 679 1229 ecclesiam
701 1167 904 1228 manutenere
920 1167 999 1229 etse
1015 1165 1149 1230 vicissim
1172 1165 1317 1231 adiuvare
1333 1169 1364 1230 et
1379 1165 1550 1230 defendere.

460 1270 509 1333 10.
531 1268 614 1332 Item
642 1268 802 1345 volumus,
837 1271 874 1332 ut
895 1269 1068 1332 sententiae
1089 1289 1190 1351 usqne
1217 1268 1309 1333 modo
1331 1287 1351 1333 a
1371 1269 1550 1333 consulibus

371 1355 533 1419 civitatum
567 1373 623 1418 seu
651 1355 790 1419 locorum
819 1355 884 1418 sive
914 1373 933 1418 a
960 1354 1106 1437 predictis
1135 1355 1274 1438 personis
1301 1355 1351 1420 vel
1380 1354 1550 1419 rectoribus

371 1440 434 1504 late
456 1459 513 1504 nec
535 1440 740 1523 appellatione
762 1459 926 1522 suspense,
950 1441 999 1504 vel
1021 1441 1048 1504 si
1070 1459 1163 1523 super
1185 1459 1313 1506 causam
1336 1441 1550 1525 appellationis

372 1527 434 1590 late
455 1526 585 1602 fuerint,
617 1527 737 1590 firmeb
757 1528 974 1609 permaneant,
1008 1530 1040 1590 et
1061 1529 1098 1590 ut
1119 1527 1157 1591 de
1179 1527 1359 1591 criminibus
1380 1527 1443 1590 iam
1466 1545 1551 1591 com-

370 1612 474 1676 missis
497 1612 667 1677 amminalis
689 1611 844 1676 accusabo
865 1631 929 1676 uon
949 1612 1014 1676 liat.

459 1717 507 1778 11.
529 1713 652 1798 Captivi
674 1735 798 1798 qnoque
819 1715 985 1781 hincinde
1008 1717 1209 1781 absolvantur
1230 1719 1262 1780 et
1284 1716 1462 1781 reddantur.

459 1818 508 1881 12.
529 1818 597 1883 Hec
618 1821 693 1882 sunt
714 1837 766 1896 ea,
795 1837 876 1902 quae
905 1819 1110 1901 intelligimus
1140 1819 1300 1884 dominum
1330 1821 1549 1903 imperatorem

371 1904 485 1968 habere
518 1903 629 1969 debere
661 1908 695 1968 et
727 1909 938 1970 antecessores
972 1924 1045 1970 suos
1078 1905 1242 1970 babuisse:
1276 1906 1394 1970 addest
1426 1905 1584 1969 fodrum·

370 1991 473 2072 regale
496 1993 528 2054 et
549 1993 734 2055 consuetum
756 1994 788 2055 et
809 1993 990 2056 consuetam
1012 1993 1163 2075 paratam,
1173 1993 1194 2045 οι
1215 2011 1287 2055 cnm
1307 1991 1393 2057 uadit
1406 1991 1548 2066 Romam,

371 2077 472 2158 gratia
493 2076 688 2160 accipiendae
710 2094 848 2140 coronae.
892 2077 934 2140 ιιι
966 2077 1059 2141 debet
1090 2078 1204 2141 babere
1238 2077 1380 2158 quietum
1414 2079 1446 2140 et
1477 2096 1549 2141 cou-

370 2166 496 2226 suetum
527 2163 694 2226 transitum
724 2167 756 2226 et
777 2162 935 2227 sufficiens
962 2167 1145 2226 mercatum.
1174 2163 1216 2226 Et
1244 2166 1384 2228 trauseat
1414 2163 1547 2246 pacifice,

370 2249 415 2312 ita
436 2250 474 2311 ιιι
500 2249 533 2311 iu
562 2249 742 2332 episcopatu
770 2249 819 2312 vel
847 2250 999 2312 comitatu
1027 2249 1130 2331 aliquo
1163 2247 1396 2312 fraudulentam
1428 2267 1547 2312 moram

370 2353 432 2398 non
460 2333 562 2398 faeiat.
605 2334 647 2397 Ει
674 2334 855 2398 fidelitatem
879 2353 898 2398 a
921 2335 1061 2399 vassallis
1092 2335 1236 2417 recipiat,
1266 2335 1350 2399 omni
1381 2334 1548 2399 offensione

369 2419 518 2493 remissa;
541 2420 667 2485 vassalli
696 2421 791 2484 etiam
813 2420 1041 2503 expeditionem
1064 2420 1091 2483 ei
1114 2419 1237 2498 iaciant,
1271 2419 1442 2484 secundum
1465 2420 1548 2502 qnod

370 2505 453 2570 soliti
475 2511 550 2569 suut
572 2509 674 2570 otest
696 2506 826 2588 antiqua
846 2506 1045 2582 consuetudo,
1068 2525 1141 2570 eum
1159 2507 1264 2590 ‘pergit
1285 2507 1427 2584 Romam,
1453 2525 1548 2570 carisa

371 2591 566 2674 accipiendae
587 2611 726 2655 coronae.

459 2698 506 2760 13.
529 2695 659 2776 Regalis
686 2714 767 2772 vero,
790 2714 851 2777 que
872 2714 929 2778 per
950 2714 1023 2758 eum
1044 2695 1094 2760 vel
1117 2697 1329 2760 antecessores
1350 2696 1418 2759 eins
1439 2697 1506 2759 tam
1529 2714 1548 2759 a

370 2781 487 2847 clericis
519 2799 615 2862 quam
644 2780 732 2846 laicis
760 2781 888 2845 fuerunt
910 2781 1038 2845 detenta
1059 2782 1108 2845 vel
1128 2800 1184 2864 per
1204 2782 1308 2866 ipsum
1330 2801 1386 2845 seu
1408 2783 1548 2846 auteces-

370 2887 454 2932 sores
477 2867 544 2931 eius
566 2867 722 2945 investita,
746 2867 850 2948 quiete
871 2867 1011 2930 dimittat
1032 2886 1090 2930 uec
1112 2867 1150 2931 de
1171 2871 1273 2931 cetero
1296 2867 1454 2950 impediat

458 2968 506 3028 14.
528 2964 777 3030 Consuetudinos
794 2965 890 3030 otiam
904 2967 938 3029 ot
952 2964 1163 3040 comoditates,
1186 2985 1265 3048 quas
1281 2965 1421 3029 civitates
1436 2968 1469 3029 et
1483 2985 1548 3030 om-

369 3053 448 3116 nesll
472 3051 510 3114 de
539 3052 685 3115 societate
714 3051 828 3114 habere
858 3053 1086 3115 consueverunt
1110 3051 1142 3114 in
1164 3051 1296 3133 pascuis,
1317 3051 1547 3134 piscationibus,

369 3136 563 3212 molendinis,
574 3135 705 3210 fumis,⁰)
718 3136 833 3201 tabulis
842 3137 1067 3200 cambiatorum
1079 3139 1111 3200 et
1119 3137 1361 3218 negociatorum,
1372 3137 1519 3214 macellis,
1531 3140 1548 3187 '³

370 3222 527 3298 domibus,
560 3241 639 3303 quas
672 3221 789 3286 babent
821 3221 978 3286 edificatae
1007 3223 1039 3285 in
1067 3223 1124 3286 viis
1153 3223 1284 3306 publicis
1306 3224 1355 3288 vel
1383 3241 1479 3306 snpra
1499 3223 1548 3286 vel

368 3309 457 3372 iuxta
477 3308 545 3372 vias
567 3307 720 3390 publicas,
749 3311 782 3372 et
807 3310 956 3372 ceterasssl
979 3307 1218 3372 consuetudines
1248 3309 1394 3390 antiquas
1431 3309 1548 3372 eisdem

369 3394 548 3459 civitatibus
581 3396 614 3456 et
644 3394 810 3458 omnibns)
840 3393 878 3457 de
912 3394 1058 3458 societate
1092 3394 1196 3476 quiete
1228 3394 1342 3459 habere
1376 3397 1408 3458 et
1442 3399 1548 3458 tenere

369 3480 540 3564 permittat

458 3579 506 3640 lb.
529 3576 562 3640 Si
586 3578 692 3640 autom
715 3576 753 3640 de
775 3575 962 3660 supradictis
992 3577 1098 3658 aliqua
1119 3577 1274 3642 contentio
1303 3578 1385 3640 inter
1415 3579 1547 3660 impera-

369 3666 469 3728 torem
492 3664 525 3728 et
545 3664 688 3726 civitates
709 3663 759 3727 vel
786 3663 854 3726 loca
881 3661 947 3726 sive
976 3681 1123 3745 personas
1155 3663 1311 3727 societatis
1344 3667 1413 3728 orta
1446 3663 1547 3739 buerit,

369 3768 425 3832 per
446 3748 590 3812 consules
612 3748 761 3826 civitatis,
793 3768 866 3812 cum
894 3766 958 3828 qua
987 3749 1215 3813 contentionem
1238 3749 1382 3813 habuerit
1403 3749 1452 3813 vel
1474 3749 1548 3813 locis

370 3854 426 3900 seu
447 3835 586 3919 personis
608 3835 657 3898 sui
680 3835 885 3910 comitatus,hl
915 3834 1087 3898 secundnm
1117 3853 1218 3899 mores
1247 3837 1279 3898 et
1307 3834 1547 3899 consuetudines

370 3921 504 3985 civitatis
535 3926 568 3984 et
589 3919 648 3984 loci
670 3920 838 3998 decidatur,
866 3920 1064 4006 iureiurando
1086 3921 1236 4003 praestito
1259 3921 1297 3984 ab
1319 3921 1394 4003 ipsis
1416 3920 1546 3984 consuli-

369 4008 436 4083 bus,
459 4006 542 4089 quod
556 4025 659 4071 mores
674 4009 706 4070 et
719 4006 959 4071 consuetudines
974 4010 1041 4070 tam
1056 4006 1234 4088 imperatori
1257 4025 1351 4087 quam
1366 4007 1483 4071 ciuitati
1501 4007 1548 4070 vel

369 4093 435 4157 loco
457 4112 513 4158 sen
535 4111 666 4175 persone
688 4094 866 4158 servabunt

458 4267 484 4330 a)
502 4263 673 4319 bominibus?
709 4263 738 4332 b)
755 4263 833 4316 Perta
851 4263 906 4317 und
925 4263 1047 4332 Vignsti:
1072 4263 1156 4317 firma.
1193 4264 1218 4331 c)
1237 4263 1330 4317 Steuer
1356 4263 1399 4316 fiir
1421 4263 1464 4317 die
1486 4263 1548 4317 Vor-

387 4336 493 4405 llegnng
518 4335 565 4389 dos
583 4333 757 4388 laiserlichen
774 4332 880 4388 liceras.
917 4333 945 4402 d)
964 4333 1104 4388 homines?
1143 4337 1171 4402 e)
1189 4333 1328 4388 Baelblen.
1370 4333 1549 4399 ltScblsoht

369 4353 463 4460 dasle.
504 4406 534 4474 g)
553 4405 629 4458 Pertz
651 4403 706 4457 and
723 4403 847 4472 Viguati:
875 4406 987 4458 eternas.
1032 4403 1060 4474 h)
1084 4402 1161 4458 Perta
1188 4403 1244 4457 und
1262 4403 1385 4472 Vignati:
1412 4421 1471 4457 cum
1496 4421 1549 4474 qna

369 4477 502 4531 contentio
520 4475 556 4542 h,
574 4491 597 4530 ι.
615 4475 674 4528 locs
690 4490 713 4528 s.
730 4489 855 4545 personas
872 4491 894 4528 s.
913 4491 935 4528 o.
