3617 5284
1380 575 1441 640 143

264 749 435 824 eraserunt
465 744 623 813 obstinata
650 743 780 832 perfidia
801 748 988 812 consuantur
1014 748 1047 811 at
1072 767 1145 812 eum
1176 747 1286 812 relicta
1317 747 1439 812 unitate

264 833 392 898 ecclesie
403 840 589 916 presumunt
609 853 711 916 usque
726 833 829 897 adhuc
839 835 1003 915 tamquam
1014 831 1133 898 idolum
1146 835 1201 897 aut
1214 833 1442 898 simulachrum

264 918 400 983 adorare.
430 919 502 1003 Ipse
525 925 632 984 autem
654 918 830 984 antichristi
858 922 1000 1002 tempora
1021 920 1223 1002 prefigurans‚
1244 938 1344 1002 usquo
1366 920 1442 984 adeo

264 1007 386 1069 erectus
407 1008 456 1070 ast
478 1024 573 1089 supra
595 1025 637 1082 66,
659 1011 695 1069 61
717 1005 812 1069 etiam
824 1005 985 1088 intemplo
997 1005 1057 1070 Dsi
1071 1004 1193 1082 sederit,
1215 1009 1378 1087 tamquam
1401 1006 1443 1070 sit

241 1138 243 1141 .
262 1090 349 1156 Deus
371 1091 536 1156 ostendens
548 1110 590 1168 se,
602 1093 634 1156 61
644 1091 737 1156 multi
749 1091 1032 1156 abhominationem
1047 1091 1245 1158 desolationis
1261 1094 1397 1156 stantem
1409 1093 1441 1156 in

263 1176 329 1242 loco
353 1181 462 1242 sancto
485 1196 548 1242 non
570 1178 637 1243 sins
658 1178 761 1241 multa
781 1177 982 1242 lacrimarum
998 1177 1145 1242 effusione
1172 1177 1324 1261 corporeis
1346 1177 1442 1243 oculis

262 1263 470 1346 inspexerunt

349 1348 431 1414 Sane
452 1367 510 1414 nos
532 1349 746 1414 infirmitatem
760 1351 901 1413 nostram
924 1351 956 1413 et
977 1349 1131 1413 uirtutum
1145 1349 1349 1432 indigentiam
1372 1369 1442 1432 cog·

261 1439 433 1512 noscentes,
470 1437 615 1500 nostrum
642 1436 676 1499 in
686 1435 820 1499 Domino
843 1435 1016 1517 cogitatum
1036 1435 1198 1512 iactamus,
1221 1438 1381 1519 sperantes
1410 1439 1442 1500 et

264 1520 302 1586 (16
324 1520 443 1586 Christi
465 1522 677 1586 misericordia
697 1520 819 1605 plenius
842 1521 1039 1597 confidentes,
1062 1522 1144 1603 quod
1168 1521 1328 1586 ecclesiam
1351 1541 1442 1586 suam

263 1609 415 1682 sanctam,
443 1626 499 1691 pro
529 1626 592 1690 qua
619 1607 686 1690 ipse
714 1607 798 1672 idem
822 1606 856 1670 in
893 1607 1072 1671 substantia
1104 1610 1208 1672 nostre
1241 1607 1441 1673 mortalitatis

262 1694 416 1776 apparuit
439 1696 476 1757 ut
489 1712 560 1758 eam
581 1693 638 1757 sibi
661 1713 723 1757 non
735 1693 903 1757 habentem
913 1712 1025 1775 mgam
1041 1697 1096 1756 aut
1106 1694 1262 1758 maculam
1278 1693 1441 1770 exhiberet

261 1781 370 1862 optata
390 1777 490 1844 faciet⁴
505 1779 736 1861 tranquillitate
757 1779 856 1855 letari,
896 1781 928 1843 et
949 1780 1155 1862 procellarum
1183 1779 1322 1844 omniurn
1348 1780 1442 1843 inun-

262 1865 387 1929 datione
403 1865 520 1942 sedata,
541 1864 636 1929 nichil
648 1867 715 1941 erit
738 1865 821 1947 quod
843 1858 950 1929 eiiam
965 1865 1063 1948 possit
1079 1865 1240 1942 obsistere,
1262 1865 1315 1930 ubi
1330 1865 1441 1930 unicus

261 1969 394 2034 sponsus
416 1951 483 2016 eius
504 1951 639 2015 voluerit
660 1951 803 2016 nubilosa
825 1969 948 2033 quaque
975 1953 1006 2016 61
1030 1951 1122 2015 noxia
1136 1952 1324 2035 propulsare.
1349 1951 1442 2016 Nunc

261 2037 366 2118 igitur,
388 2037 464 2119 quia
484 2055 541 2101 nos
564 2037 602 2101 16
628 2039 809 2102 nostrorum
829 2039 1014 2102 meritorum
1037 2036 1188 2119 qualitate
1216 2037 1387 2102 diffidimus
1410 2041 1442 2102 et

261 2123 299 2187 de
331 2123 495 2187 honestate
535 2142 571 2188 ac
603 2122 751 2205 religione
783 2125 887 2188 restra
920 2123 1045 2206 planam
1076 2122 1222 2188 fiduciam
1256 2124 1440 2202 obtinemus,

260 2209 373 2273 vestris
422 2213 455 2274 et
487 2209 671 2273 universalis
704 2209 832 2274 66616616
863 2209 1007 2292 precibus
1039 2207 1253 2274 infirmitatum
1301 2215 1441 2274 nostram

259 2295 395 2378 petimus
417 2295 566 2372 adiuvari,
587 2295 750 2360 caritatem
770 2297 908 2360 vestram
929 2313 985 2378 per
1000 2294 1167 2377 apostolica
1194 2295 1308 2379 scripta
1329 2313 1441 2378 rogan-

259 2384 307 2444 tes
330 2384 362 2445 et
383 2383 615 2446 commonentes
636 2381 796 2458 attentius,
817 2383 855 2445 ut
872 2381 954 2445 sicut
978 2380 1035 2444 viri
1051 2380 1194 2445 catholini
1208 2400 1263 2446 vos
1278 2401 1332 2464 pro
1348 2382 1439 2446 domo

259 2466 386 2530 Domini
407 2486 515 2531 muros
536 2467 791 2550 inexpugnabiles
813 2467 977 2551 opponatis
1000 2468 1032 2530 et
1053 2469 1086 2530 in
1108 2466 1270 2532 devotione
1292 2467 1441 2532 66111611-

259 2553 325 2616 tate
340 2553 451 2618 matris
473 2555 575 2617 vestre
598 2555 793 2617 sacrosancte
812 2554 952 2617 Romane
971 2553 1098 2616 ecclesie
1119 2553 1319 2618 immobiliter
1343 2554 1440 2636 persi-

260 2641 387 2716 stentes,
410 2641 449 2704 ab
471 2640 538 2704 eius
560 2640 682 2703 unitate
703 2639 883 2703 nullatcnus
904 2638 1064 2703 recedatis.
1086 2637 1176 2718 Quod
1190 2641 1218 2704 si
1232 2638 1372 2722 prefatus
1393 2640 1441 2704 vir

260 2725 428 2807 impietatis
458 2725 498 2789 ad
532 2727 638 2808 partes
671 2728 791 2790 vestms
825 2725 929 2808 aliqua
961 2724 1190 2808 dampnationis
1224 2744 1279 2790 sue
1324 2725 1440 2809 scripta

259 2810 475 2889 transmiserit
498 2830 542 2888 ea
558 2811 649 2876 616661
664 2809 840 2895 respuenda
861 2814 944 2888 sunt
966 2811 1121 2894 respuatis
1144 2813 1439 2895 etiamquamvana

261 2901 354 2980 atque
369 2898 522 2979 sacrilega
542 2902 761 2981 contempnere
784 2901 816 2961 ct
838 2897 957 2961 abicere
980 2896 1141 2962 studeatis.

344 2983 475 3048 Noverit
488 2983 615 3067 insuper
630 2982 775 3048 discretio
790 2987 902 3057 vestra,
925 2982 1009 3065 quod
1023 3001 1081 3048 nos
1093 2983 1125 3046 in
1137 2982 1187 3048 die
1200 2983 1439 3050 consecrationis

258 3070 365 3133 nostre
379 3069 439 3152 ipsi
455 3067 625 3135 Octaviano
641 3071 673 3134 et
683 3069 747 3133 iam
773 3069 863 3133 dictis
885 3067 1056 3133 factoribus
1071 3069 1138 3132 aius
1149 3069 1320 3134 terminum
1334 3068 1439 3134 indul-

260 3154 360 3219 simus
381 3155 544 3220 infraocto
567 3154 632 3219 dies
662 3154 700 3219 ad
723 3155 828 3218 sinum
848 3158 880 3219 et
898 3155 1055 3218 unitatem
1076 3155 1186 3220 matris
1203 3155 1330 3220 ecclesie
1351 3156 1439 3220 redc-

259 3240 352 3315 undi;
382 3239 466 3323 quod
488 3243 515 3306 si
531 3240 698 3324 adimplere
713 3241 899 3319 distulerint
923 3244 1047 3306 extunc
1061 3245 1128 3306 tam
1146 3261 1199 3306 666
1222 3260 1438 3324 quamomnes
1476 3243 1479 3250 '

259 3327 424 3410 complices
446 3331 478 3391 et
499 3326 694 3392 coadiutores
708 3327 848 3410 ipsorum
863 3327 1048 3393 auctoritate
1063 3327 1147 3392 beati
1168 3327 1254 3392 Petri
1281 3345 1318 3393 ac
1330 3330 1441 3392 nostra

258 3432 322 3477 non
354 3413 532 3478 differemus
564 3412 686 3480 vinculo
720 3413 1048 3478 excommunicationis
1084 3413 1256 3494 astringere
1285 3415 1317 3478 61
1346 3433 1440 3478 6666

258 3498 375 3564 Christi
396 3518 536 3582 corpore,
561 3499 642 3582 quod
665 3502 714 3565 est
736 3500 880 3578 ecclesia,
903 3499 1142 3584 sequestrarem.
1172 3499 1256 3564 Data
1277 3499 1439 3564 Temacine

259 3586 288 3650 6.
318 3585 387 3650 Kal.
411 3584 553 3650 Octobris
577 3588 669 3650 1159.

258 3756 293 3832 6)
316 3757 489 3828 scutetum
503 3758 630 3828 littora
646 3759 688 3826 Ν.
711 3775 752 3826 ao
776 3758 828 3827 dis
850 3757 1024 3827 (16666666
1041 3759 1183 3841 Firmos,
1207 3754 1253 3829 28.
1277 3754 1433 3829 0661161.

575 3871 721 3940 (sagam
740 3869 823 3924 aaa
840 3869 912 3925 166.
931 3869 978 3939 ss,
997 3887 1019 3925 0.
1039 3869 1125 3942 corp

342 3983 451 4050 Victor
472 3985 635 4069 episcopus
657 4005 766 4051 servus
782 4004 943 4050 servorum
957 3985 1025 4064 Dei,
1040 3985 1269 4050 venerabilibus
1289 3985 1438 4049 fratribus

257 4071 449 4153 patriarchis,
466 4072 717 4158 archiepiscopis,
747 4071 899 4156 episcopis
921 4075 953 4136 et
975 4072 1147 4136 karissimis
1169 4071 1242 4135 filiis
1266 4071 1440 4148 abbatibus,

346 4245 372 4309 ⁸)
400 4244 451 4298 Dic
468 4244 735 4298 Exhommunihstion
752 4244 860 4300 Viktors
890 4247 968 4300 sowis
997 4245 1044 4299 der
1069 4245 1214 4300 Kardintle
1232 4243 1366 4298 lohannes
1384 4243 1438 4297 und

257 4311 344 4368 Gnido
361 4314 472 4383 eriolgta
490 4332 533 4369 am
552 4319 594 4370 27.
613 4314 766 4386 Septamhcr
786 4321 862 4372 1169.
898 4316 949 4370 Am
969 4320 1011 4372 24.
1031 4315 1103 4370 Man
1125 4320 1193 4370 1160
1217 4315 1267 4368 hat
1290 4315 1440 4369 Alexander

256 4401 288 4439 zu
306 4385 413 4454 Anagni
431 4385 482 4440 don
499 4386 576 4440 Banu
594 4387 659 4440 tiber
676 4386 771 4441 Vilior
787 4391 916 4443 cmeusrt

346 4455 386 4525 **)
405 4457 460 4510 Das
472 4457 614 4512 8616161666
632 4457 670 4510 166
687 4473 777 4511 ausser
795 4457 837 4512 bei
848 4457 975 4526 Ragewin
988 4457 1056 4512 auch
1069 4456 1222 4512 dbcrliefert
1232 4455 1270 4510 im
1281 4455 1344 4511 Cod.
1358 4455 1438 4511 vino.

256 4531 308 4581 629
328 4528 388 4596 (iur.
407 4545 464 4583 cau
485 4531 557 4595 133).
577 4559 608 4568 —
629 4529 684 4582 Der
701 4528 759 4581 hier
775 4530 908 4597 gegebeno
926 4529 1071 4597 gedritngta
1084 4527 1192 4582 Bericht
1211 4528 1276 4581 iiber
1294 4527 1439 4580 (116111661-
