3617 5284
1413 450 1475 514 231

300 612 414 667 eivitati
432 612 476 668 rei
494 613 659 670 bominibus
676 629 728 670 sue
746 616 838 682 partis
850 615 965 670 ablatas
978 615 1107 698 predioto
1118 616 1214 686 modo,
1233 618 1344 671 cassatis
1356 619 1477 673 omnibns

300 684 446 753 privilegiis
464 687 492 738 et
510 685 566 739 dat'
546 689 582 738 trs
600 689 628 738 et
645 687 773 740 cartiset
790 687 986 740 investituris
978 705 1006 740 ιιι
1032 687 1068 739 ali
1058 704 1148 740 ruam
1173 688 1308 742 civitatem
1333 689 1476 744 vellosum

299 756 615 881 ιιιιιῗιῒὸῗιιῗ
632 757 745 881 attia
764 757 1061 882 erraterrat
1080 758 1476 884 tartarearum*

300 896 390 962 cartis,
418 914 469 966 que
491 898 582 966 aliqua
607 899 846 979 suprasrriptarum
874 898 1013 952 civitatum
1041 899 1081 951 vei
1108 916 1276 981 personarum
1311 917 1355 953 seu
1380 902 1476 971 aliquis

299 967 371 1019 imus
398 985 457 1020 oum
484 969 574 1021 eodem
608 968 764 1038 imperatore
792 971 832 1023 vei
863 970 920 1023 eius
950 969 1044 1023 nuntie
1064 970 1134 1036 feeit,
1161 971 1213 1024 uisi
1241 971 1335 1024 ciuitas
1362 971 1409 1024 iiia
1436 974 1475 1025 vei

299 1039 371 1161 loelus
390 1055 441 1162 {eu
466 1056 577 1109 persona
605 1040 801 1094 conventionem
829 1041 867 1094 vel
896 1041 989 1094 datum
1016 1041 1071 1094 sive
1098 1042 1228 1095 cartulam
1254 1045 1347 1112 sponte
1374 1059 1477 1097 servare

300 1127 330 1160 vo
343 1125 397 1161 usn

390 1183 430 1233 12.
450 1181 490 1247 [9]
518 1181 638 1250 Denique
656 1181 814 1250 predicte
832 1181 995 1235 civitates
1014 1184 1049 1235 et
1066 1182 1477 1252 lueaetpursonedebent

299 1251 421 1303 habere
440 1251 544 1320 plenam
563 1254 594 1307 et
611 1251 743 1306 idoneam
762 1253 931 1306 securitatem
949 1254 980 1306 et
997 1251 1188 1307 suffleleutem
1200 1271 1278 1323 super
1293 1253 1342 1306 his
1354 1256 1476 1310 omuibus

298 1321 467 1374 observandis
486 1326 555 1375 tam
574 1323 698 1392 abipso
706 1323 915 1404 imperatore
928 1339 1022 1392 quarn
1036 1324 1475 1405 abumnibusprineipibus,

298 1396 357 1465 qui
376 1412 430 1446 ssu
436 1411 484 1446 um
504 1393 611 1445 suntin
630 1394 752 1446 exercitu.
780 1394 816 1447 Et
834 1394 937 1448 debet
954 1395 1031 1446 lisere
1050 1394 1203 1448 civitatibus
1215 1398 1243 1448 st
1255 1395 1315 1448 aliis
1326 1370 1476 1452 horninibus

298 1465 433 1518 societatis
451 1465 524 1517 siue
543 1463 716 1533 prohibit'
709 1482 785 1518 rone
798 1465 896 1518 donnini
910 1465 1074 1534 imperaturis
1086 1465 1195 1518 eandem
1208 1465 1360 1520 societatem
1373 1467 1475 1522 firmam

297 1541 385 1590 tenere
403 1541 431 1589 et
448 1535 603 1599 iuramenta,
622 1534 859 1602 quaudoeumque
877 1535 1014 1601 volueriut,
1033 1537 1117 1588 farere
1136 1537 1205 1590 inter
1223 1553 1250 1590 se
1269 1539 1475 1592 ιιιιιιιοιιιιιιι,

297 1608 340 1660 Et
358 1606 499 1687 siquando
515 1607 657 1674 imperator
675 1606 715 1658 vei
733 1607 790 1658 eius
812 1623 945 1659 srarnossur
963 1606 1134 1660 contrahere
1146 1608 1309 1660 concordiam
1329 1609 1474 1676 venerit,

297 1679 409 1732 lieeat
433 1677 562 1730 civitat
550 1676 644 1728 tibus
667 1680 702 1729 et
726 1677 888 1746 personis
911 1677 1010 1729 huius
1041 1677 1264 1731 societatis*
1295 1695 1323 1732 se
1351 1680 1474 1742 vieissim

298 1764 352 1802 uon
381 1748 515 1802 obstante
533 1749 715 1801 saeramento
736 1746 845 1818 aliquo,
868 1748 992 1800 adiuvare
1015 1752 1043 1802 et
1061 1748 1206 1802 aieiendere.
1237 1748 1276 1802 Et
1293 1763 1309 1803 e
1327 1751 1474 1804 eontrario

297 1820 321 1873 si
345 1819 447 1872 eivitas
469 1818 570 1884 aiiqua
595 1817 639 1870 vel
664 1817 744 1871 Ιιιιιιιι
762 1817 813 1872 rei
841 1833 964 1884 persona
991 1819 1137 1873 seeietatis
1164 1818 1289 1874 uoluerit
1314 1820 1404 1874 tnirin
1406 1837 1474 1887 gere

297 1889 372 1943 bane
399 1887 580 1943 eoneerdiam
599 1887 714 1941 domine
731 1887 900 1955 imperatori
932 1888 1041 1956 possint
1059 1889 1117 1944 alie
1135 1889 1267 1944 eivitates
1285 1890 1330 1944 vei
1348 1837 1441 1946 ieeage
1430 1892 1475 1946 vel

296 1974 428 2085 magi
440 1959 577 2013 adiurare
597 1958 802 2026 imperatorem
821 1960 853 2014 et
870 1925 1005 2030 debeant,
1025 1975 1081 2014 nou
1100 1959 1274 2027 impediente
1293 1965 1475 2016 saeramento

429 2046 453 2085 s.

388 2108 428 2156 13.
448 2103 505 2169 [il]
526 2100 628 2169 Captivi
641 2117 692 2168 ιιιιι
693 2118 743 2169 (pue
760 2102 799 2153 ab
819 2103 963 2168 utraque
983 2104 1081 2167 parte
1099 2101 1269 2154 absolvantur
1281 2105 1309 2156 et
1320 2101 1434 2155 reddant
1422 2106 1473 2157 t.ur

388 2177 427 2226 ie.
458 2174 498 2239 [i]
526 2171 645 2237 Semper
663 2170 693 2224 in
711 2171 826 2226 unitate
844 2171 963 2226 eeaiesie
985 2186 1155 2236 permanere
1179 2171 1286 2242 iisset,
1312 2187 1364 2226 nee
1388 2175 1475 2238 sugat

296 2243 429 2297 dominus
452 2242 613 2309 imperator
637 2241 783 2309 predictas
804 2241 937 2296 divitates
955 2242 1000 2296 rel
1018 2242 1082 2296 ieea
1099 2241 1145 2297 rei
1164 2257 1298 2308 personas
1316 2243 1473 2314 assistatis,

296 2314 416 2368 elericos
426 2317 448 2365 i
467 2313 511 2367 vei
530 2313 631 2382 laires,
649 2312 749 2380 aliqua
766 2312 880 2367 ratione
898 2313 933 2367 de
946 2311 1001 2382 iris,
1020 2327 1075 2380 que
1087 2315 1221 2380 speetaut
1232 2314 1269 2368 ad
1281 2281 1473 2369 obedientiam

296 2385 341 2439 ιιι
359 2383 587 2439 observationem
614 2383 733 2438 eaelesie
758 2383 803 2438 rei
827 2383 994 2454 apostolia,
1019 2397 1073 2438 nee
1090 2398 1126 2438 ea
1144 2383 1291 2438 eeeasiene
1309 2385 1414 2440 debeat
1432 2385 1473 2440 eis

296 2455 440 2510 offendere
458 2454 488 2512 iu
507 2453 594 2509 rebus
612 2453 657 2508 vei
675 2454 705 2506 iu
724 2453 863 2521 persenis.

387 2533 426 2580 15.
447 2528 487 2593 [8]
509 2525 584 2580 Item
602 2524 734 2579 deminus
751 2524 912 2593 imperator
931 2525 1083 2593 pemittant
1100 2524 1280 2580 habitatores
1295 2525 1472 2581 Alexandria

295 2596 391 2652 redire
409 2597 447 2651 ad
464 2612 519 2651 sua
535 2596 600 2650 laea
618 2595 736 2663 propria
760 2611 824 2650 ιιιιιι
850 2596 979 2663 persenis
1001 2598 1032 2651 et
1055 2596 1141 2651 rebus
1159 2611 1224 2650 eum
1244 2596 1409 2664 pienissima
1427 2613 1471 2652 se·

294 2668 433 2738 ιιιιιιιιιιιι,
451 2670 482 2723 et
499 2666 633 2722 babitent
650 2669 860 2736 amarentur,
878 2666 965 2722 aienti
983 2667 1027 2720 sui
1045 2668 1241 2722 anteeesseres
1258 2665 1417 2722 ieeeruut.'

353 2827 387 2901 e)
411 2827 584 2896 Sebreibeu
608 2825 787 2893 Friedrieba
811 2827 829 2892 Ι.
853 2843 894 2893 aa
918 2825 967 2894 die
992 2826 1231 2907 Buudeasttdta
1254 2826 1319 2893 iuni
1342 2823 1414 2898 iiia.

515 2927 639 2996 (sumpr,
657 2926 727 2979 aaa
743 2927 847 2996 aspere
866 2926 953 2979 aunan
970 2927 1072 2980 usura
1089 2944 1128 2981 nr.
1147 2928 1249 2995 asar)

381 3041 573 3120 Firiderieus)
586 3039 634 3103 dei
643 3041 743 3122 gratia
750 3043 962 3105 Romanorum
970 3042 1138 3124 imperator
1146 3045 1177 3104 et
1183 3060 1305 3125 semper
1311 3047 1473 3126 augustus,

295 3127 447 3192 universis
470 3127 631 3190 ciuitatum
652 3127 830 3190 eousuiibus
853 3129 885 3190 et
907 3127 964 3190 teti
982 3127 1094 3210 popule
1111 3133 1221 3192 netum
1236 3147 1304 3192 esse
1320 3127 1471 3206 volumus,

296 3214 379 3295 qued
401 3213 544 3277 eonsules
560 3212 730 3277 Cremonae
753 3233 826 3276 uum
846 3233 962 3294 magna
984 3213 1186 3278 multitudine
1208 3215 1312 3297 popuii
1336 3218 1368 3279 et
1391 3215 1473 3279 mili-

294 3303 363 3364 tum
379 3303 451 3363 ante
466 3301 571 3362 nostre
593 3299 765 3363 maiestatis
780 3299 989 3383 praesentiam
1004 3300 1169 3364 honorifice
1187 3303 1472 3383 praesentaverunt

294 3405 419 3450 summa
433 3403 561 3468 preeum
576 3385 726 3448 instantia
746 3386 834 3450 nobis
856 3387 1006 3468 petentes,
1030 3387 1185 3467 quatenus
1208 3386 1245 3450 de
1268 3405 1343 3469 paee
1359 3389 1390 3450 et
1402 3407 1473 3452 eeu-

294 3473 398 3537 eordia
426 3470 562 3534 finienda
589 3475 621 3534 et
647 3471 801 3534 mmanda
828 3472 910 3535 inter
938 3491 994 3534 nos
1018 3479 1050 3536 et
1071 3472 1212 3536 civitates
1235 3472 1418 3537 lombardie
1442 3475 1474 3536 et

294 3559 432 3622 Marehie
454 3564 486 3621 et
508 3557 659 3621 Romania
682 3577 733 3622 ees
756 3558 943 3621 audiremus.
988 3557 1070 3636 Quia
1091 3559 1186 3640 igitur
1208 3557 1305 3622 nestri
1327 3558 1403 3622 iuris
1425 3561 1474 3622 est

294 3649 327 3708 et
348 3645 448 3720 offleii,
470 3662 580 3726 paeem
601 3644 746 3726 ampleeti
768 3646 800 3707 et
821 3643 951 3724 diligere
967 3647 999 3707 et
1013 3645 1104 3708 iustis
1119 3645 1320 3728 petitionibus
1334 3643 1473 3716 fidelium

292 3733 471 3794 uestrorum
493 3730 696 3809 acquiescere,
718 3736 750 3794 et
772 3729 902 3811 dignum
925 3729 1070 3794 duximus
1085 3730 1346 3812 postulationibus
1366 3750 1472 3794 eorum

294 3818 443 3879 consueta
465 3815 655 3896 benignitate
677 3816 871 3899 respendere.
902 3815 1098 3880 Redueentes
1116 3816 1221 3897 itaque
1237 3816 1275 3879 ad
1292 3817 1473 3879 memoriam

294 3921 402 3984 paoem
425 3907 457 3965 et
480 3902 673 3965 eoncordiam
696 3904 777 3966 inter
799 3922 855 3966 nes
878 3906 910 3965 et
932 3902 1121 3965 Lembardes
1144 3901 1227 3985 apud
1250 3901 1472 3965 Meutebeilum

294 3988 470 4058 ordinatam
485 3990 516 4050 et
531 3988 728 4051 iureiurando
744 4007 763 4051 a
777 3987 885 4050 multis
909 3989 1073 4064 firmatam,
1096 4007 1131 4052 ex
1150 3988 1276 4052 oonsilio
1299 3987 1473 4070 principum

294 4077 560 4138 nestrorumeam
575 4078 679 4138 tenere
696 4074 847 4149 volumus,
869 4077 901 4137 et
924 4073 950 4138 si
973 4093 1036 4155 qua
1058 4075 1219 4138 eoneerdia
1235 4073 1330 4138 iuerit
1345 4073 1382 4136 de
1397 4087 1488 4157 paee'

382 4230 408 4291 a)
428 4230 505 4281 Perta
524 4230 578 4282 und
596 4230 721 4297 Viguati:
740 4230 830 4284 eleros.

293 4388 325 4422 zu
343 4300 478 4424 magog?
487 4299 614 4354 Urlruude
632 4301 692 4369 gibt
703 4301 810 4371 Stmnpi
825 4299 893 4354 nauh
913 4298 971 4353 dem
984 4299 1129 4368 Originai'
1122 4317 1159 4352 un
1177 4299 1300 4354 Arehivie
1319 4298 1345 4354 S.
1362 4298 1471 4354 Antonii
