3617 5284
372 467 414 528 26

371 634 420 720 n.
446 635 538 720 nno
552 634 731 740 essenon
744 636 806 721 nr
819 637 976 840 pepp
993 636 1213 840 ippone.
1231 635 1327 720 coru
1345 639 1465 740 eruo
1478 636 1552 735 n,

860 816 870 839 ι
917 777 983 839 Η.
1088 819 1098 840 .

607 881 698 951 (Greg.
710 882 770 937 VH.
789 882 855 951 Bag.
867 882 918 949 IH,
930 882 978 937 Nr.
998 887 1030 937 10
1040 900 1069 948 a;
1087 880 1157 936 Jaffe
1173 881 1210 948 II,
1224 885 1275 936 223
1286 882 1317 948 l.)

457 997 555 1061 Beate
569 997 661 1061 Petre
679 997 888 1080 apostolorum
909 998 1060 1080 princeps,
1080 997 1202 1073 inclina,
1225 1015 1348 1077 quaeso,
1370 997 1437 1078 pias
1460 1016 1551 1061 aures

371 1086 442 1146 tues
464 1083 552 1147 nobis
575 1086 608 1147 et
628 1083 700 1146 audi
722 1101 772 1146 me
796 1101 920 1146 servum
947 1087 1052 1159 tuum,
1082 1102 1176 1164 quem
1204 1083 1243 1145 ab
1269 1081 1400 1146 infantia
1427 1083 1552 1147 nutristi

373 1171 404 1232 et
425 1187 525 1250 usque
548 1169 587 1232 ad
611 1170 692 1233 hanc
714 1169 796 1232 diem
818 1168 856 1232 de
878 1188 974 1233 manu
996 1169 1174 1251 iniquorum
1196 1168 1342 1244 liberasti,
1365 1169 1418 1249 qui
1432 1189 1483 1232 me
1497 1188 1552 1252 pro

371 1257 427 1317 tua
452 1255 599 1318 fidthate
628 1255 760 1319 oderunt
789 1257 820 1318 et
849 1254 966 1319 odiunt.
998 1256 1046 1318 Tu
1068 1254 1161 1318 michi
1192 1254 1282 1318 testis
1309 1273 1342 1317 es
1370 1256 1402 1317 et
1428 1255 1553 1318 dominu

372 1359 443 1404 mea
458 1343 556 1404 mater
572 1341 629 1404 Dei
653 1345 684 1405 et
705 1342 815 1404 beatus
829 1339 957 1404 Paulus
970 1340 1066 1404 frater
1087 1345 1161 1404 tuus
1182 1341 1265 1404 inter
1285 1359 1392 1402 omnes
1414 1344 1551 1404 amotos:

373 1425 455 1507 quod
477 1429 532 1489 tua
554 1429 661 1490 sancta
675 1427 816 1490 Romana
831 1426 959 1489 ecclesia
980 1445 1031 1489 me
1050 1426 1183 1489 invitum
1205 1425 1243 1489 ad
1266 1444 1323 1488 sua
1345 1426 1553 1506 gubernacula

371 1511 472 1590 traxit,
495 1515 527 1575 et
549 1531 605 1594 ego
627 1532 688 1576 non
710 1513 851 1594 rapinam
873 1512 1041 1575 arbitratus
1064 1531 1134 1575 sum
1157 1511 1196 1575 ad
1218 1510 1323 1574 sedem
1338 1514 1426 1574 tuam
1448 1531 1554 1575 ascen·

372 1597 451 1674 dere,
475 1597 639 1680 potiusque
661 1599 743 1662 volni
765 1598 860 1660 vitam
882 1616 986 1661 meam
1008 1598 1039 1659 in
1061 1597 1306 1679 peregrinatione
1328 1597 1430 1673 finire,
1458 1617 1553 1679 quarn

371 1683 475 1747 locum
496 1687 588 1746 tuum
610 1703 665 1766 pro
687 1684 784 1764 gloria
806 1683 915 1746 mundi
937 1682 1086 1746 saeculari
1108 1683 1231 1764 ingenio
1247 1683 1389 1764 arripere.
1422 1684 1465 1746 Et
1484 1683 1553 1748 ideo

372 1788 408 1832 ex
430 1772 486 1832 tua
515 1769 616 1850 gratia
642 1788 703 1833 non
733 1769 869 1832 cumeis
892 1768 1034 1850 operibus
1062 1768 1152 1832 credo
1184 1768 1267 1850 quod
1294 1767 1351 1831 tihi
1377 1769 1496 1851 placuit
1523 1773 1554 1832 et

371 1855 487 1938 placet:
516 1858 553 1917 ut
577 1855 710 1937 populus
732 1854 934 1929 christianus,
963 1854 1020 1917 tihi
1041 1854 1213 1936 specialiter
1234 1854 1431 1931 commissus,
1459 1855 1553 1918 michi

372 1940 501 2004 obediat.
531 1939 711 2023 Specialiter
726 1959 780 2022 pro
795 1941 859 2003 rice
874 1941 930 2002 tua
944 1939 1037 2002 michi
1053 1940 1219 2004 commissa
1230 1943 1262 2004 et
1272 1940 1366 2004 michi
1377 1943 1434 2004 tua
1452 1941 1553 2022 gratia

373 2029 421 2089 est
442 2027 579 2107 potestas
603 2026 704 2090 allec
727 2025 799 2088 data
816 2024 932 2106 ligandi
956 2029 1050 2106 atque
1073 2025 1210 2090 soluendi
1227 2027 1260 2088 in
1276 2027 1340 2090 celo
1357 2030 1389 2090 et
1409 2027 1442 2089 in
1459 2030 1551 2090 terra.

372 2111 439 2176 Hac
460 2112 565 2192 itaque
588 2111 700 2174 fiducia
721 2110 827 2185 fretus,
848 2130 903 2192 pro
927 2111 1071 2175 ecclesiae
1093 2114 1167 2175 tuae
1189 2113 1304 2176 honore
1323 2115 1355 2175 et
1369 2112 1554 2189 defensione,

372 2201 517 2279 exparte
544 2197 762 2280 omnipotentis
790 2196 848 2260 Dei
876 2196 978 2260 Patris
1006 2201 1037 2261 et
1063 2198 1132 2261 lilii
1162 2201 1193 2261 et
1223 2197 1357 2279 Spiritus
1379 2199 1476 2261 suncti
1499 2219 1555 2280 per

372 2285 459 2346 tuam
492 2285 678 2365 potestatem
713 2285 744 2346 et
776 2283 992 2346 auctoritatem
1024 2283 1168 2347 Heinn'co
1203 2283 1281 2364 regi,
1318 2282 1380 2347 filio
1415 2283 1553 2348 Heinrici

372 2369 579 2451 imperatoris,
612 2369 666 2449 qui
693 2369 799 2432 contra
832 2371 920 2431 tunm
943 2369 1103 2432 ecclesiam
1124 2369 1264 2433 inaudita
1285 2369 1430 2450 superbia
1450 2370 1553 2434 insur-

371 2455 458 2530 rexit,
479 2454 575 2518 totius
597 2454 685 2536 regni
700 2453 939 2518 Teutonioorum
961 2457 993 2518 et
1005 2455 1114 2518 Italiae
1136 2453 1345 2536 gubemacula
1362 2455 1550 2527 contradico:

373 2543 404 2603 et
426 2559 533 2604 omnes
555 2540 736 2604 christianos
758 2558 777 2602 a
799 2539 920 2604 vinculo
941 2541 1123 2615 iuramenti,
1156 2539 1239 2621 quod
1261 2539 1319 2603 sibi
1341 2540 1482 2604 fecerunt
1501 2542 1551 2604 rel

372 2627 499 2702 facient,
530 2625 670 2698 absolvo;
707 2629 751 2698 et,
780 2629 817 2688 ut
843 2625 950 2688 nullus
980 2627 1006 2689 ei
1036 2626 1116 2689 sicam
1143 2626 1209 2706 regi
1238 2626 1365 2702 serviat,
1395 2627 1552 2691 interdico.

372 2713 511 2794 Dignum
527 2714 574 2775 est
590 2711 680 2787 enim,
702 2715 745 2787 ut,
762 2712 815 2792 qui
831 2711 937 2775 studet
951 2711 1100 2775 honorem
1114 2712 1258 2775 ecclesiae
1273 2713 1346 2775 tuae
1360 2712 1552 2789 imminuere,

371 2799 438 2883 ipse
460 2799 609 2862 honorem
631 2797 762 2872 amittat,
786 2815 880 2877 quem
902 2796 1024 2860 videtur
1045 2798 1166 2860 hahere.
1202 2797 1244 2860 Et
1272 2797 1346 2878 quia
1372 2796 1452 2861 sicut
1473 2799 1554 2862 chri-

372 2885 493 2948 stianus
522 2883 708 2966 contempsit
736 2883 877 2947 oboedire
906 2902 964 2946 nec
994 2882 1031 2946 ad
1062 2883 1165 2946 Deum
1194 2882 1287 2946 rediit
1314 2902 1408 2964 quem
1436 2883 1554 2948 densa

373 2968 647 3052 —·participando
671 2968 958 3042 excommunicatis3
994 2973 1026 3032 et
1052 2968 1169 3032 multas
1196 2968 1376 3050 iniquitates
1398 2968 1551 3043 faciendo;

372 3074 504 3137 meaque
519 3054 644 3131 monita,
668 3072 747 3136 quae
762 3073 817 3135 pro
833 3072 890 3117 sua
905 3055 1005 3118 salute
1028 3054 1087 3117 sibi
1108 3054 1179 3118 misi
1201 3058 1233 3117 te
1254 3056 1343 3130 teste,
1366 3056 1552 3136 spemend03

373 3161 468 3223 seque
484 3141 522 3204 ab
538 3141 667 3204 ecclesia
681 3143 745 3213 tua,
762 3142 919 3221 temptans
937 3159 1006 3202 earn
1021 3139 1168 3217 scindere,
1190 3139 1360 3222 separando
1377 3175 1414 3184 -
1431 3141 1553 3206 vinculo

373 3247 446 3292 eum
469 3225 675 3290 anathematis
697 3225 762 3288 rice
783 3230 839 3287 tua
861 3225 961 3306 alligo.
992 3226 1034 3289 m
1048 3225 1093 3289 sio
1108 3245 1180 3288 enm
1195 3245 1232 3289 er
1245 3225 1359 3289 fiducia
1373 3229 1428 3289 tua
1443 3227 1552 3309 alligo:

373 3317 410 3378 ut
431 3313 530 3376 sciant
551 3315 659 3393 gentes
683 3315 715 3374 et
737 3311 943 3392 comprobent,
966 3311 1040 3391 quia
1062 3314 1097 3374 tu
1119 3330 1152 3375 es
1167 3312 1281 3375 Petrus
1303 3315 1335 3374 et
1349 3331 1442 3394 super
1465 3316 1552 3377 tuem

372 3403 493 3485 petram
515 3398 597 3461 filius
619 3397 679 3461 Dei
700 3396 759 3460 vivi
790 3396 961 3459 aedificavit
989 3396 1150 3461 ecclesiam
1180 3416 1271 3461 suam
1300 3401 1332 3461 et
1352 3402 1440 3480 porte
1461 3399 1552 3462 inferi

372 3506 433 3551 non
456 3485 677 3568 praevalebunt
700 3482 847 3546 aduersus
870 3499 948 3546 eam.

981 3657 1072 3664 -...--q

372 3759 406 3845 l.
423 3755 776 3862 lllnladnngssolroibon
795 3753 958 3840 heinricho
976 3755 1022 3840 ll.
1036 3778 1106 3840 un
1127 3753 1284 3839 Wornsn
1301 3754 1548 3842 lationallonril

618 3919 668 3932 —-
688 3873 866 3978 ltnlgliclo
891 3873 1162 3977 lccltlcrtignng,
1186 3872 1311 3967 lttt.*l

726 4004 806 4073 (Mon.
827 4003 914 4058 Germ.
933 4005 995 4073 legg
1021 4004 1057 4069 II,
1076 4007 1109 4058 47
1123 4003 1152 4068 l.)

458 4119 622 4184 Heinricus
640 4119 697 4182 Dei
721 4118 821 4200 gratia
842 4137 903 4194 rex,
925 4117 995 4199 A.*)
1017 4117 1159 4200 gratiam,
1182 4118 1324 4194 salntem,
1347 4118 1551 4194 dilectionem,

373 4229 435 4274 non
457 4205 609 4281 omnibus,
632 4204 687 4268 sed
708 4204 814 4288 paucis
838 4203 977 4267 eandem.

463 4316 494 4414 *l
507 4313 595 4398 dnm.
632 4345 687 4397 Das
712 4345 800 4399 ancile
823 4343 1045 4411 Nationullronzil,
1074 4345 1184 4400 welches
1207 4345 1335 4400 Heinrich
1360 4343 1429 4399 uach
1446 4343 1551 4398 Worms

374 4415 463 4484 berlei,
491 4431 535 4467 um
560 4415 717 4484 neuerdings
736 4417 800 4469 tiber
819 4414 920 4484 Gregor
937 4433 968 4469 zu
988 4414 1099 4470 Gericht
1119 4433 1151 4470 au
1169 4418 1253 4470 sitaen
1271 4417 1326 4470 und
1344 4416 1419 4470 einen
1437 4414 1552 4469 anderen
