3617 5284
591 724 626 799 t)
649 723 824 795 aunan
845 742 886 795 ιιι
909 723 1030 796 ltcumd
1054 725 1131 806 lll.*)

556 835 667 905 (Mimo,
685 837 786 892 Pauor,
804 837 879 894 oure.
897 837 929 894 u.
949 841 1009 905 ree,
1027 854 1067 893 nr.
1086 837 1158 906 ιιι.)

356 949 423 1014 Nec
448 950 587 1030 dulcius,
607 970 666 1016 noc
686 951 897 1031 amicabilius,
928 952 984 1018 sed
1005 971 1063 1018 noc
1084 952 1200 1018 arctius
1232 951 1358 1016 omnino
1380 970 1450 1033 reg-

269 1055 348 1101 num
382 1037 651 1120 sacerdotiumque
677 1039 823 1120 coniungi
853 1056 908 1103 seu
937 1038 1142 1122 complantari
1170 1039 1203 1102 in
1229 1037 1362 1103 invicem
1394 1056 1449 1121 po-

270 1125 415 1200 tuerunt,
442 1140 537 1205 quam
563 1126 600 1186 ut
629 1122 662 1187 in
683 1142 816 1208 persona
837 1123 966 1189 Domini
988 1125 1079 1189 ambo
1101 1123 1179 1188 haec
1200 1125 1317 1206 pariter
1339 1141 1450 1188 couve-

271 1207 389 1272 nirent:
422 1211 532 1292 utpote
559 1208 612 1291 qui
642 1208 743 1274 factus
773 1212 822 1274 est
843 1211 934 1275 nobis
956 1229 993 1274 er
1014 1212 1146 1292 utraque
1168 1209 1252 1273 tribu
1276 1208 1449 1274 secundum

271 1312 398 1358 earnem
419 1313 562 1358 amnmus
584 1295 616 1358 et
638 1293 789 1360 Sacerdos
811 1298 844 1359 et
864 1297 940 1360 Rex.
983 1294 1055 1360 Non
1077 1295 1179 1360 solum
1203 1297 1317 1372 autem,
1340 1291 1394 1358 sed
1417 1297 1449 1358 et

271 1379 468 1444 commiscuit
482 1399 519 1444 eu
540 1379 743 1444 nihilominus
765 1399 802 1444 ac
823 1381 1053 1446 confoederavit
1074 1381 1107 1444 in
1129 1399 1187 1445 suo
1209 1398 1344 1464 corpore,
1365 1379 1447 1462 quod

271 1469 321 1529 est
341 1465 475 1549 populus
498 1465 703 1543 christianus,
731 1467 798 1550 ipse
820 1471 915 1550 caput
937 1467 1037 1532 illius:
1066 1466 1113 1531 ita
1134 1468 1170 1530 ut
1192 1466 1251 1530 hoc
1272 1483 1371 1547 genus
1392 1464 1449 1529 ho-

271 1551 395 1614 minum
417 1551 588 1634 apostolica
608 1570 683 1616 voce
705 1570 804 1634 genus
820 1553 962 1630 electum,
984 1552 1089 1634 regale
1111 1551 1321 1616 sacerdotium
1343 1551 1449 1634 appel-

271 1636 354 1700 letur
375 1635 471 1718 (Petr.
491 1636 523 1715 1,
551 1637 589 1714 2,
618 1637 660 1719 9).
702 1637 741 1701 ln
769 1637 832 1702 alia
858 1657 981 1722 quoque
1011 1639 1166 1721 scriptura
1193 1639 1347 1719 quotquot
1375 1639 1449 1700 sunt

270 1721 494 1804 praedestinati
523 1722 698 1800 advitam,
724 1741 827 1788 nonne
855 1743 964 1789 omnes
986 1742 1075 1806 reges
1097 1725 1129 1788 et
1151 1722 1327 1788 sacerdotes
1348 1723 1449 1786 nomi-

271 1809 388 1872 nantur
409 1807 516 1891 (Apoc
536 1807 568 1885 1,
584 1810 629 1908 ι6;
657 1807 695 1887 V,
718 1807 795 1890 10)?
837 1809 921 1909 Ergq
943 1828 1022 1892 quae
1043 1809 1130 1909 Ileus
1152 1808 1326 1907 coniunxit,
1353 1807 1448 1872 homo

270 1893 965 2077 ltlttltlttjssttllldllldllt
981 1892 1450 2062 ttddflltnllltt

272 2065 435 2129 institutis
523 2083 623 2130 urcem
651 2084 685 2130 se
713 2064 852 2144 foveant,
879 2067 1014 2132 invicem
1043 2085 1077 2132 se
1104 2064 1286 2142 defendant,
1315 2065 1448 2130 invicem

271 2153 627 2320 tulissetis
644 2150 1334 2322 lidiitffilittfrdtlteltd
1357 2150 1448 2320 tlt

271 2322 354 2386 absit
374 2359 416 2368 -
442 2324 629 2387 corroserint
650 2325 683 2387 et
704 2322 940 2402 momorderint,
961 2342 1065 2391 noune
1087 2323 1178 2388 ambo
1201 2322 1447 2388 desolabuntur?

269 2405 342 2506 Non
368 2407 474 2472 veniat
495 2408 600 2508 anima
620 2427 691 2473 mea
712 2409 745 2473 in
766 2409 932 2508 consilium
954 2428 1070 2487 eorum,
1091 2408 1290 2508 quiudiount
1317 2407 1367 2507 vel
1388 2407 1447 2471 im·

271 2494 1446 2664 llllttldllpldtllldmalddfflldledledtl

270 2663 356 2729 Deus
378 2666 411 2729 in
433 2663 677 2735 destructionem
698 2684 736 2731 ea
756 2666 931 2746 connexuit,
952 2665 1007 2732 sed
1029 2668 1061 2732 in
1084 2665 1392 2748 aedificationem.**)
1448 2719 1450 2726 .

356 2749 395 2815 Si
423 2750 496 2815 hoc
527 2751 664 2830 scitis,
696 2769 906 2834 quousque
938 2771 1008 2816 ros
1041 2770 1281 2816 communem
1309 2751 1447 2815 contu-

269 2835 438 2913 meliam,
468 2855 706 2902 communem
733 2836 1013 2903 dissimulatis
1041 2836 1259 2902 iniuriam?
1308 2836 1447 2902 Nonne

272 2923 311 2984 ut
331 2921 568 3004 Apostolioa
589 2921 726 3000 Sedes,
747 2924 806 2987 ita
827 2925 864 2987 et
885 2921 1016 3007 Caput
1035 2922 1191 3006 imperii
1213 2922 1334 2986 Roma
1364 2924 1447 2985 est?

269 3006 320 3072 Ut
356 3025 443 3089 ergo
478 3008 523 3072 de
555 3008 738 3074 Ecclesia
769 3011 935 3086 taceam,
969 3028 1059 3074 num
1095 3008 1223 3072 honor
1258 3007 1355 3089 Regi
1389 3011 1447 3071 est

269 3093 454 3158 truncum
480 3092 519 3157 in
546 3093 727 3159 manibus
753 3095 885 3159 tenero
914 3093 1216 3178 imperium?***)
1259 3093 1301 3156 Et
1321 3092 1447 3176 quidem

271 3177 393 3260 ignoro,
432 3178 507 3260 quid
548 3179 636 3244 robis
670 3173 764 3262 sup'cr
801 3180 862 3243 hoc
899 3179 1066 3245 cousulant
1097 3179 1254 3262 sapientes
1286 3179 1382 3242 rostri
1415 3180 1447 3243 et

270 3264 425 3347 principes
442 3266 547 3347 regum
569 3264 625 3329 sed
647 3283 713 3347 ego,
733 3265 767 3329 in
789 3265 969 3348 insipientia
989 3284 1061 3331 mea
1080 3265 1219 3348 loquens,
1240 3263 1323 3347 quod
1345 3264 1446 3328 sentio

270 3367 333 3412 nou
354 3351 472 3414 tacebo.
515 3349 655 3416 Ecclesia
675 3349 735 3414 Dei
756 3351 795 3415 ab
817 3353 927 3415 exortu
950 3352 1000 3416 sui
1021 3369 1120 3434 usque
1144 3349 1184 3414 ed
1206 3350 1283 3414 haec
1305 3353 1447 3433 tempora

269 3434 386 3518 pluries
408 3434 558 3500 tribulata
572 3438 622 3501 est
642 3436 675 3500 et
716 3436 812 3500 luries
833 3436 967 3502 liberata
988 3439 1044 3502 est
1071 3435 1212 3518 Denique
1235 3434 1350 3514 audite,
1372 3435 1446 3517 quid

270 3519 339 3604 ipsa
360 3519 399 3586 de
422 3539 455 3585 se
477 3520 624 3604 loquatur
643 3521 677 3585 in
695 3455 833 3586 {aalma
874 3521 980 3606 Ipsius
1002 3523 1086 3587 enim
1107 3540 1166 3587 vox
1187 3522 1251 3586 est:
1274 3520 1374 3604 Saepe
1396 3539 1448 3584 ex-

270 3607 489 3755 gugnarcrunt
516 3626 567 3672 me
596 3606 798 3672 aiuveutute
819 3625 903 3683 mea3
933 3609 1051 3674 etenim
1076 3626 1140 3671 non
1168 3609 1339 3690 potuerumt
1359 3605 1446 3670 mihi.

296 3709 374 3774 upra
410 3691 539 3756 dorsum
571 3710 678 3757 meum
704 3691 933 3758 fabricaverunt
960 3697 1152 3779 peccatores,
1184 3691 1447 3775 prolongaverunt

269 3776 465 3859 iniquitatem
487 3797 578 3842 suam
606 3777 727 3860 (Psalm
748 3777 919 3856 cxxvm,
942 3781 971 3857 2,
993 3779 1035 3862 3).
1079 3778 1192 3844 Certus
1221 3779 1302 3854 esto,
1332 3777 1448 3854 oRex,

269 3863 415 3944 quoniam
436 3881 495 3927 nec
515 3881 599 3927 nuuc
613 3882 735 3947 quoque
756 3863 912 3946 relinquet
932 3865 1086 3930 Dominus
1107 3864 1228 3945 virgam
1342 3866 1448 3927 torum

270 3965 363 4098 tlt
379 3949 814 4117 llltdrtltlndl
836 3947 1447 4116 tlelllttlddttplttidd

270 4117 362 4184 dubio
378 4137 527 4204 sponsam
548 4139 649 4198 suum,
670 4121 723 4203 qui
744 4139 803 4186 suo
825 4122 978 4203 sauguine
998 4121 1132 4187 redemit
1153 4137 1232 4197 eam,
1254 4137 1311 4184 suo
1333 4119 1446 4204 spiritu

357 4291 384 4357 *i
400 4290 460 4358 Vgl.
486 4289 530 4344 die
546 4289 700 4360 Exposition
723 4290 809 4345 dieses
826 4289 928 4346 Brieles
951 4292 994 4346 bai
1018 4289 1167 4345 Bernhardi
1192 4291 1244 4343 460
1262 4289 1280 4344 l.
1318 4288 1360 4355 ”l
1383 4287 1448 4356 Vgl.

270 4361 319 4414 mit
340 4361 427 4414 dieser
442 4359 606 4430 Andusuug
627 4378 652 4416 v.
669 4360 823 4416 Kaisertum
846 4377 873 4416 u.
897 4362 936 4415 Pa
968 4365 1038 4416 ttum
1064 4377 1104 4416 ur.
1123 4359 1208 4414 XVII.
1246 4359 1304 4426 ese)
1321 4358 1447 4412 Derselbe

269 4429 406 4500 Vergleich
430 4430 515 4485 tludet
537 4430 596 4486 sich
619 4431 657 4485 im
675 4431 905 4501 vorausgehendeu
958 4433 1074 4488 hreibsn.
1110 4431 1203 4484 Wofdr
1220 4430 1258 4484 iat
1276 4427 1347 4483 diere
1365 4418 1447 4482 tuor-

269 4501 456 4571 eiratimmung
470 4501 688 4572 mmhsffig?
