3617 5284
375 520 419 584 42

376 691 454 774 ipsis
474 690 606 756 viriliter
627 695 830 774 expugnatae.
872 691 967 758 Nune
995 694 1103 757 autem
1131 691 1247 757 nostris
1270 698 1302 758 et
1327 693 1426 778 ipsius
1446 696 1555 846 pofpulr

1440 800 1475 846 ro
1488 800 1555 846 erre

376 778 512 861 peooatis
534 777 745 860 exigentibus,
765 777 850 860 quod
871 778 938 843 sine
961 796 1076 858 magno
1098 776 1204 842 dolore
1225 780 1258 843 et
1276 781 1399 862 gmitn
1418 801 1439 865 p

375 882 439 926 non
460 881 638 946 possumus,
659 861 772 928 Edisse
793 863 912 942 civitas,
933 883 1013 947 quae
1034 867 1144 930 nostra
1163 863 1274 946 lingua
1293 865 1412 932 Robais
1434 866 1555 944 dieitur,

375 967 456 1030 qnae
484 949 592 1024 etiam,
621 952 659 1012 ιιι
678 947 795 1026 fertur,
820 968 895 1015 αιιιι
923 949 1081 1033 quondam
1109 949 1142 1014 in
1169 949 1298 1015 Oriente
1327 954 1396 1016 tota
1425 957 1508 1018 terra
1537 971 1556 1016 a

376 1034 506 1117 paganis
537 1033 745 1111 detineretur,
772 1035 843 1132 ipsa
869 1035 937 1100 sola
965 1036 1024 1100 sub
1052 1035 1294 1100 christianorum
1314 1041 1470 1120 potestate
1492 1039 1557 1102 Do-

375 1120 462 1184 mino
485 1120 657 1198 sanabat,
686 1121 726 1184 ab
752 1120 885 1186 immieis
914 1120 1013 1186 erneis
1041 1119 1158 1186 Christi
1186 1127 1278 1205 eapta
1305 1127 1366 1201 est,
1395 1129 1427 1187 ιι
1455 1125 1556 1190 multa

376 1205 618 1270 ιιιιιιιιιιιιοτιιιιι
641 1205 770 1270 ιιιιιιιιιι
791 1205 929 1290 abipsis
952 1211 1110 1291 oooupata
1152 1206 1256 1291 Ipsius
1277 1225 1399 1291 quoque
1421 1209 1555 1274 civitatis

377 1291 625 1375 arehiepisoopus
654 1310 728 1355 eum
753 1291 872 1358 olerieis
900 1293 966 1357 suis
994 1295 1026 1356 ιι
1054 1293 1148 1357 multi
1175 1292 1228 1356 alii
1256 1293 1415 1358 obristiani
1442 1294 1555 1360 ibidem

378 1376 533 1441 interieoti
565 1382 656 1454 sunt,
690 1382 721 1441 et
753 1383 934 1443 sanatorum
962 1378 1110 1461 reliquiae
1136 1378 1169 1442 in
1195 1378 1367 1443 infidelium
1396 1381 1556 1446 eonouloa-

377 1460 610 1526 tionem‘datae
632 1468 707 1527 sunt
729 1468 760 1527 et
782 1463 948 1547 dispersae.
990 1463 1028 1528 In
1050 1483 1111 1547 quo
1133 1469 1286 1546 quantum
1308 1465 1474 1532 aeoolesiae
1495 1466 1556 1531 Dei

377 1552 410 1612 et
430 1547 490 1612 toti
512 1547 733 1612 christianitati
754 1550 928 1632 perieulum
950 1549 1127 1627 immineat,
1153 1554 1185 1613 et
1206 1569 1264 1614 nos
1286 1552 1501 1632 eognoseimus
1523 1558 1556 1616 et

376 1633 576 1717 prudentiam
607 1639 744 1699 vestram
775 1634 873 1699 latere
905 1654 968 1699 non
1001 1635 1164 1700 eredimus.
1214 1635 1388 1702 Maximum
1420 1656 1554 1721 namque

380 1719 555 1783 nobilitatis
581 1733 614 1783 ιι
642 1720 806 1803 probitatis
836 1720 987 1785 indioium
1017 1720 1081 1786 lore
1110 1721 1322 1803 eognosoitur,
1355 1723 1382 1787 si
1412 1741 1449 1787 ea
1475 1742 1554 1806 quae

375 1811 502 1887 patrum
525 1805 717 1870 strennuitas
740 1806 902 1888 aequisivit
924 1807 1073 1872 avonis-t
1088 1807 1161 1871 liliis
1177 1809 1325 1872 strennue
1342 1807 1555 1874 defendantur.

376 1889 616 1967 Verumtamen,
639 1891 679 1968 si,
701 1891 784 1975 quod
806 1892 902 1969 absit,
932 1911 1021 1958 eeous
1043 1893 1227 1974 eontigerit,
1258 1899 1383 1977 patrum
1404 1893 1555 1960 fortitudo

378 1976 411 2039 in
433 1976 506 2040 tiliis
527 1977 694 2041 imminuta
714 1978 872 2060 probatur.

465 2061 709 2128 Universitetem
751 2062 857 2146 itaque
900 2069 1037 2130 vestram
1071 2065 1105 2128 in
1141 2064 1275 2130 Domino
1312 2084 1556 2143 eommonemns,

379 2166 528 2230 rogamus
555 2151 649 2230 atque
677 2148 864 2232 preeipimns
890 2153 923 2214 et
944 2149 976 2213 in
997 2155 1195 2234 pennatorum
1217 2151 1432 2216 remissionem
1454 2153 1557 2217 iniun-

380 2234 492 2315 gimus,
513 2234 617 2316 utqui
633 2233 790 2311 Deisunt,
812 2237 844 2298 et
857 2237 992 2299 maxime
1014 2235 1202 2319 potentiores
1225 2240 1258 2300 ιι
1277 2238 1406 2316 nobiles,
1427 2238 1556 2303 viriliter

378 2319 598 2401 aooingantur,
621 2325 653 2384 et
674 2319 847 2384 infidelium
867 2319 1083 2398 multitudini,
1104 2340 1184 2403 quae
1206 2340 1239 2386 se
1262 2323 1386 2406 tempus
1408 2323 1556 2388 victoriae

378 2401 551 2489 supernos
573 2405 746 2488 adeptaml)
771 2405 922 2483 laetatur,
951 2407 996 2471 sia
1018 2425 1177 2472 oeenrrere
1201 2412 1233 2472 et
1254 2408 1434 2474 aeoelesiam
1457 2409 1557 2474 orien-

378 2491 482 2568 talem,
504 2495 594 2555 tanta
606 2493 732 2575 patrum
747 2503 930 2570 vestrorum,
951 2495 989 2557 ut
1003 2491 1201 2576 prediximus,
1223 2495 1385 2576 sanguinis
1407 2493 1556 2560 allusione

378 2576 418 2640 ab
432 2595 541 2640 eorum
556 2576 721 2658 tyrannide
743 2576 915 2655 liberatam,
936 2578 982 2642 ita
1003 2576 1167 2643 defendere
1189 2581 1221 2644 ιι
1241 2580 1343 2644 multa
1363 2580 1556 2664 eaptivorum

378 2662 465 2726 milia
493 2660 686 2727 ooniratmm
714 2667 917 2728 resumunt
945 2662 983 2728 de
1010 2665 1150 2748 ipsorum
1177 2664 1322 2730 manibus
1352 2665 1468 2750 eripere
1491 2669 1557 2730 stu-

379 2747 488 2824 deatis,
510 2749 547 2812 ut
567 2747 730 2813 obristiani
751 2749 885 2814 nominis
908 2748 1043 2832 dignitas
1058 2755 1161 2814 restro
1182 2752 1322 2834 tempora
1343 2756 1503 2832 augeatur,
1525 2758 1557 2817 et

379 2835 483 2898 vestm
504 2832 673 2911 fortitudo,
694 2852 775 2916 quae
796 2853 852 2917 per
873 2834 1055 2902 universum
1076 2834 1231 2900 mundum
1251 2836 1412 2913 laudatur,
1434 2836 1557 2920 integra

379 2922 411 2982 et
443 2918 564 2983 illibata
595 2921 743 2984 servetur.
787 2919 838 2984 Sit
868 2921 956 2984 robis
986 2921 1080 2986 etiam
1110 2921 1141 2985 in
1173 2921 1349 3004 exemplum
1378 2922 1478 2987 bonus
1504 2923 1556 2986 ille

378 3003 561 3082 Mathatias,
590 3005 644 3086 qui
671 3024 728 3089 pro
755 3006 894 3089 paternis
921 3005 1042 3089 legibus
1064 3006 1281 3072 conservandis
1304 3025 1338 3072 sa
1358 3007 1462 3090 ipsum
1484 3027 1557 3072 oum

378 3088 452 3154 liliis
481 3094 513 3154 et
539 3089 721 3172 parentibus
750 3090 816 3157 suis
843 3091 938 3156 morti
967 3110 1118 3175 exponere
1148 3095 1180 3156 et
1207 3091 1356 3175 quidquid
1385 3093 1417 3156 in
1439 3092 1556 3159 mundo

379 3173 558 3258 possidebat
578 3175 752 3259 relinquere
774 3176 955 3242 nrdlatenns
977 3176 1149 3253 dubitavit;
1173 3179 1266 3260 atque
1289 3178 1430 3256 tandem,
1453 3179 1556 3244 divino

379 3263 564 3344 cooperante
579 3261 701 3339 annio,
721 3281 778 3346 per
791 3262 908 3327 multos
927 3265 1034 3327 tamen
1055 3263 1185 3341 labores,
1206 3267 1274 3328 tam
1295 3265 1361 3348 ipse
1382 3283 1478 3349 quam
1500 3284 1558 3330 sua

379 3346 541 3429 progenies
563 3345 602 3410 de
622 3347 756 3411 inimieis
777 3347 909 3426 viriliter
929 3348 1141 3432 triumphavit

465 3430 532 3496 Nos
548 3437 655 3496 antem
668 3435 844 3497 vestrorum
858 3433 956 3516 quieti
970 3438 1002 3498 ιι
1021 3433 1161 3500 eiusdem
1176 3434 1341 3500 aeoolesiae
1363 3434 1559 3502 destitutioni

379 3522 510 3602 paterna
530 3517 738 3582 sollieitudine
759 3518 972 3602 providentes,
1000 3519 1076 3597 illis,
1102 3521 1155 3604 qui
1177 3525 1243 3584 tam
1264 3526 1408 3586 sanetum
1430 3525 1558 3606 tamque

378 3602 643 3687 pernecessarium
669 3622 747 3687 opus
775 3606 808 3668 et
834 3604 973 3669 laborem
1001 3604 1173 3671 devotionis
1202 3605 1319 3670 intuitu
1347 3607 1503 3692 susoipere
1526 3610 1558 3673 et

379 3688 524 3772 perficere
552 3687 757 3766 deereverint,
783 3688 871 3753 illam
899 3695 1096 3774 peooatornm
1118 3691 1347 3770 remissionem,
1372 3711 1468 3775 quam
1489 3712 1559 3778 pre-

379 3773 465 3838 fatus
487 3772 686 3858 predecessor
705 3778 813 3839 noster
833 3793 916 3859 papa
930 3776 1077 3842 Urbanus
1092 3775 1237 3856 instituit,
1261 3778 1446 3854 auctoritate
1468 3780 1558 3845 nobis

380 3878 399 3925 a
427 3860 494 3924 Deo
526 3877 673 3926 eonoessa
704 3860 902 3926 aoneedimus
930 3868 961 3926 ιι
993 3862 1229 3940 confirmamus,
1262 3868 1355 3946 atque
1384 3883 1497 3930 uxores
1527 3871 1559 3930 et

378 3945 459 4010 tilios
481 3962 599 4024 eorum,
621 3947 703 4011 bona
723 3964 845 4031 quoqne
867 3952 899 4012 et
921 3948 1132 4031 possessiones
1154 3949 1213 4014 sub
1235 3951 1361 4014 sanatae
1384 3951 1558 4029 aeoelesiae,

378 4035 487 4096 nostra
508 4030 605 4096 etiam
626 4035 659 4096 et
681 4033 991 4117 archiepiscoporum,
1013 4034 1229 4119 episeoporum
1251 4038 1282 4100 ιι
1304 4035 1436 4101 ιιιοιιιιιι
1458 4037 1559 4120 prela-

379 4121 485 4180 torum
500 4118 666 4183 aeoolesiae
680 4117 740 4182 Dei
760 4119 953 4202 protectione
974 4138 1100 4186 manere
1122 4119 1326 4186 decernimus.
1362 4123 1558 4187 auctoritate

381 4255 589 4262 ———.-

468 4333 495 4399 a)
512 4329 560 4385 Ielr
583 4331 657 4389 fle
672 4330 710 4386 im
722 4329 886 4400 Gegensatre
903 4349 936 4386 au
948 4331 1045 4400 waitz,
1064 4332 1111 4386 der
1127 4333 1204 4388 nobis
1221 4351 1247 4389 ιι.
1266 4337 1415 4392 nostrornm
1432 4334 1558 4403 sahrmbt,

379 4401 423 4454 die
433 4401 573 4456 Isoeartan
587 4401 661 4456 robis
672 4419 698 4456 u.
711 4405 858 4457 vernorum
869 4419 923 4458 ror.
942 4402 970 4472 b)
983 4420 1023 4458 nr.
1038 4407 1069 4458 2:
1111 4421 1144 4458 ue
1162 4405 1215 4458 lare
1233 4421 1335 4476 semper
1352 4406 1464 4461 viatoria
1480 4422 1559 4476 super

379 4487 427 4526 nos
445 4470 556 4543 adopt-23
575 4487 606 4526 ao
623 4471 672 4526 hat
689 4471 758 4527 wohl
776 4473 844 4527 anab
862 4472 906 4528 dio
924 4421 1228 4544 onmnnauffuugung
1245 4493 1270 4532 ι.
1288 4491 1329 4532 nr.
1351 4480 1362 4530 ι
1382 4476 1510 4546 gdautet.

385 4808 399 4856 l
