3617 5284
1401 587 1464 652 259

285 753 322 808 im
354 757 468 809 retorem
493 755 663 822 coniurasset,
692 755 728 810 ad
751 755 868 810 dochum
894 770 983 808 eoram
1005 755 1162 825 imperatore
1188 755 1276 826 sepius
1299 755 1467 825 provocabat,

286 842 314 878 se
349 825 395 878 ille
412 826 481 878 male
499 826 551 880 sibi
568 826 695 892 conscius,
714 827 880 892 imperatoris
916 825 1060 878 resenciam
1080 825 1238 880 declinabat.

374 895 519 951 Chronicon
542 896 721 966 Urspergense
745 897 792 967 (M.
818 895 850 951 G.
918 895 1049 960 .XXIII,
1080 900 1157 964 296);
1194 895 1227 949 In
1253 895 1304 949 hac
1331 895 1466 950 obsidione

286 965 507 1036 (Alessandriasl)
526 967 668 1037 imperator
685 984 738 1022 non
755 968 882 1037 profecit;
901 982 963 1019 nam
983 965 1035 1020 dur
1050 965 1191 1021 Heinrious
1204 967 1235 1020 ds
1245 965 1366 1032 Saxonis,
1386 983 1466 1036 nepos

286 1052 357 1102 suus,
379 1036 475 1103 perfide
497 1038 530 1091 ab
555 1055 585 1092 eo
606 1038 722 1103 recessit,
743 1042 849 1108 sumpta
867 1037 1002 1090 occasione
1021 1036 1053 1090 de
1071 1037 1336 1090 excommunicatione
1355 1041 1383 1090 et
1400 1038 1466 1090 forte

285 1123 345 1160 ecoe
363 1110 393 1160 ta
410 1108 521 1177 pecunie
538 1149 585 1162 ...
606 1107 696 1177 (Folgt
713 1109 756 1162 die
767 1107 919 1175 Emihlung
937 1124 986 1160 ron
1006 1106 1052 1160 der
1069 1108 1219 1162 bekannten
1232 1107 1465 1160 Zusamnrenkunft

285 1177 344 1231 Fris
378 1177 434 1230 icha
452 1195 477 1230 u.
491 1177 631 1232 Heinrichs
651 1179 676 1233 d.
689 1179 728 1244 L,
746 1179 843 1232 welche
861 1178 910 1230 das
922 1176 1068 1232 Chronioon
1088 1195 1121 1232 an
1135 1178 1185 1230 den
1198 1177 1332 1232 Conrersee
1344 1179 1465 1246 verlegt).

285 1248 404 1301 Tandem
422 1249 572 1302 veniensis
591 1249 774 1302 alamanniam
792 1249 923 1318 prefatum
948 1248 1040 1302 ducem
1066 1248 1103 1302 de
1127 1247 1330 1302 traditione
1352 1251 1386 1301 et
1403 1249 1467 1302 cri-

285 1319 373 1371 miue
391 1319 509 1372 laesae
526 1320 722 1373 maiestatis
740 1320 881 1390 impetivit.
919 1318 977 1371 Dux
1003 1318 1132 1388 siquidem
1156 1318 1243 1389 ipsum
1268 1318 1419 1387 preveniens
1438 1318 1465 1372 in

285 1388 379 1442 Suesia
397 1389 494 1442 fecerat
512 1389 731 1459 conspirationem
759 1394 851 1444 eontra
872 1389 1058 1470 imperatorem
1076 1391 1104 1443 et
1121 1389 1242 1458 precipue
1261 1404 1320 1442 cnm
1339 1388 1466 1442 Zolrensi·

285 1460 335 1512 bns
352 1464 381 1512 et
398 1458 603 1528 Veringensibne
631 1464 659 1514 et
686 1461 845 1530 quibusdam
874 1459 935 1512 alirs
963 1459 1112 1513 comitibus.
1149 1459 1201 1513 Ast
1218 1459 1361 1528 imperator
1379 1459 1466 1540 ipsum

285 1530 377 1582 drroem
395 1529 543 1599 frequenter
569 1533 660 1584 evocat
688 1531 848 1596 ademtam,
879 1530 913 1583 ad
933 1529 1036 1583 obiecta
1054 1545 1248 1600 responsurum.
1286 1528 1339 1582 Ubi
1375 1529 1465 1583 uidam

284 1600 415 1670 principes
433 1603 461 1653 et
477 1601 606 1667 barones,
635 1601 750 1655 fautores
769 1601 858 1667 ducis,
885 1617 957 1654 more
975 1599 1194 1666 Teutonicum,
1224 1599 1269 1669 qui
1288 1600 1344 1653 sine
1357 1546 1420 1668 (hage
1438 1603 1467 1654 et

285 1670 386 1724 ratione
413 1672 573 1725 voluntatem
602 1688 676 1724 suam
703 1689 750 1741 pro
776 1672 833 1726 iure
857 1674 1015 1737 statuentes,
1045 1675 1137 1724 contra
1155 1671 1338 1739 imperatorem
1356 1670 1405 1723 hoe
1424 1671 1465 1724 ins

284 1744 374 1794 tenere
392 1742 523 1807 volebant,
542 1745 574 1795 nt
590 1742 735 1812 imperator
753 1741 845 1796 ducem
864 1741 1055 1810 condempnare
1073 1758 1125 1794 non
1139 1745 1233 1864 posset
1252 1740 1293 1794 vel
1306 1743 1391 1794 terras
1403 1757 1465 1794 snas

285 1811 444 1878 abiudicare,
463 1812 514 1865 nisi
533 1812 602 1866 infra
620 1815 705 1866 terras
723 1812 798 1866 ducis
817 1812 944 1883 placitum
965 1813 1103 1867 statueret.
1161 1827 1219 1864 orro
1244 1810 1351 1880 qnidam
1369 1811 1465 1864 nobilis

285 1897 412 1949 exurgens
430 1881 458 1934 in
475 1882 591 1936 medinm
610 1884 760 1953 proposuit,
788 1882 858 1952 qnod
883 1883 940 1950 lege
966 1882 1141 1947 duellionum,
1173 1881 1242 1950 quod
1261 1883 1288 1934 et
1305 1881 1363 1949 lege
1381 1886 1409 1934 et
1426 1898 1466 1935 ra·

285 1952 357 2005 tione
374 1951 503 2018 firmatur,
523 1952 573 2006 hoc
590 1954 669 2007 vellet
688 1954 806 2007 obtinere
824 1956 916 2006 contra
934 1953 1078 2022 quemlibet
1099 1969 1186 2006 secum
1198 1967 1315 2033 pugnare
1327 1951 1465 2020 volentem,

285 2022 354 2092 qnod
382 2023 523 2091 imperator
550 2024 695 2093 quemlibet
721 2024 862 2094 principem
889 2026 979 2093 posset
1007 2039 1112 2077 evocare
1131 2039 1178 2092 pro
1196 2021 1300 2076 ruentia
1318 2022 1353 2076 ad
1370 2023 1464 2088 locum,

286 2108 465 2163 quemcunque
483 2093 571 2160 vellet,
600 2093 669 2148 inira
696 2095 820 2148 terminos
847 2094 889 2148 sni
915 2094 1018 2175 imperii
1041 2094 1204 2148 existentem.
1242 2091 1358 2162 Cumque
1376 2094 1464 2147 nullus

285 2162 331 2216 isti
349 2179 377 2216 se
390 2163 495 2217 offerret
513 2164 547 2217 ad
565 2181 689 2234 pugnam,
709 2164 794 2218 edicto
813 2165 978 2235 imperatoris
996 2165 1099 2234 prelata
1118 2163 1251 2217 sententia
1268 2179 1315 2232 pro
1334 2163 1390 2216 iure
1408 2180 1466 2233 per·

285 2237 364 2304 petuo
376 2236 480 2287 statuta
493 2237 542 2300 est,
562 2251 640 2358 quam
658 2252 710 2288 uon
729 2235 837 2289 dubium
855 2236 897 2289 est
916 2234 1074 2288 auctoritate
1091 2236 1119 2288 et
1136 2233 1237 2287 rohone
1250 2232 1358 2288 firmari.
1387 2232 1465 2288 Cum·

285 2304 1036 2446 altrat?,atttritilllittttlltth
1055 2307 1162 2445 titii
1179 2303 1339 2428 litha
1357 2304 1465 2428 trit

285 2448 373 2498 catum
392 2444 517 2498 Noricum
535 2447 687 2500 concederet
704 2445 798 2501 octoni
839 2447 938 2499 elatine
966 2446 998 2499 de
1015 2444 1209 2515 Witelinspach
1230 2487 1236 2499 .
1256 2484 1290 2500 ..
1330 2445 1463 2500 Donatum

286 2532 345 2569 sero
364 2515 491 2569 Senoniae
509 2517 624 2570 contulit
640 2517 745 2570 cuidam
763 2517 843 2571 nob'‘
862 2515 1017 2570 Bernhardo
1037 2516 1069 2570 de
1086 2515 1216 2570 Anhslde.

372 2585 550 2655 Repgowsche
568 2585 684 2642 Chronik
701 2588 742 2643 ed.
760 2587 914 2641 Massmann
933 2586 959 2640 S.
979 2591 1031 2641 426
1049 2587 1082 2641 i:
1107 2585 1269 2654 Marcgraefe
1286 2584 1394 2639 Dideric
1413 2603 1464 2640 van

284 2655 454 2725 Laudesberg
471 2673 548 2727 sprec
566 2675 602 2728 np
619 2676 651 2712 en
676 2658 820 2728 hamplihe,
847 2658 896 2712 dur
922 2657 971 2711 dat
994 2658 1026 2711 de
1044 2656 1159 2711 Wenede
1177 2655 1282 2710 haddon
1299 2657 1413 2724 gebrant
1432 2657 1464 2711 de

285 2727 374 2780 morke
398 2730 427 2780 to
445 2727 523 2780 Lusio
540 2729 632 2782 mittes
650 2729 776 2798 hertogeu
794 2728 857 2782 rade
886 2769 893 2782 .
922 2770 929 2782 .
959 2769 965 2782 .
991 2728 1032 2782 De
1050 2728 1135 2781 heiser
1152 2726 1244 2792 legede
1268 2725 1318 2780 den
1336 2726 1463 2795 hertoqsn

284 2796 332 2850 hoi
347 2815 383 2850 na
399 2797 466 2864 hoie,
491 2815 527 2868 up
545 2798 569 2852 it
585 2799 660 2865 leste,
687 2799 721 2852 do
739 2798 772 2852 he
791 2799 866 2852 nicht
884 2815 944 2852 vore
962 2815 995 2852 ne
1014 2813 1101 2868 qnam,
1126 2797 1159 2851 do
1178 2797 1243 2850 dede
1262 2813 1308 2850 ene
1328 2795 1360 2850 de
1379 2797 1464 2852 leiser

284 2871 313 2920 to
331 2867 408 2921 echte
426 2868 476 2921 dur
494 2869 540 2922 des
559 2869 720 2938 marcgraien
739 2869 878 2923 Diderilroe
905 2869 991 2936 lrlage.
1030 2869 1061 2922 In
1090 2867 1136 2922 der
1162 2867 1240 2922 echte
1266 2867 1337 2921 belef
1362 2867 1395 2921 he
1422 2868 1464 2920 iar

283 2939 354 2991 unde
373 2938 455 2992 dach:
482 2939 618 2993 darumme
642 2943 709 2994 wart
732 2957 788 2993 eme
813 2939 930 2994 vordelet
953 2939 1014 2993 seht
1032 2938 1100 2992 unde
1118 2938 1201 3005 recht,
1225 2954 1305 3005 egeno
1322 2938 1392 2992 unde
1410 2938 1464 3004 len,

285 3008 392 3062 datlen
412 3009 437 3062 al
456 3009 530 3062 sinen
549 3009 641 3064 herren
660 3009 755 3073 ledioh,
775 3011 823 3064 dat
839 3027 904 3078 egen
924 3027 957 3062 an
976 3011 1008 3063 de
1028 3009 1195 3077 honinglihen
1214 3009 1286 3064 walt.

374 3079 491 3132 Annales
509 3080 693 3134 Marbacenses
718 3081 766 3146 (M.
786 3080 818 3135 G.
837 3081 882 3135 ss,
900 3079 987 3146 XVII,
1015 3079 1090 3148 161):
1119 3079 1206 3134 Causa
1228 3079 1291 3132 belli
1317 3078 1396 3132 huius
1415 3079 1464 3133 hec

284 3148 343 3202 init
379 3149 539 3219 imperatore
567 3151 708 3222 aliqnando
734 3152 763 3204 in
790 3151 872 3204 Italia
898 3154 1021 3204 manente
1038 3166 1087 3204 nec
1104 3149 1204 3220 copiam
1233 3191 1239 3204 .
1268 3191 1274 3204 .
1303 3189 1309 3203 .
1340 3149 1463 3214 habente,

285 3219 410 3273 auxilium
428 3220 547 3273 Heinriei
566 3221 640 3275 ducis
658 3221 816 3292 imploravit.
854 3220 905 3285 Qui
931 3261 990 3275 ...
1015 3237 1068 3274 non
1087 3221 1165 3274 aliter
1182 3220 1292 3302 imperio
1311 3220 1463 3274 amminicu-

283 3289 334 3343 lari
352 3307 428 3371 posse
444 3292 588 3372 respondit,
613 3292 666 3344 nisi
684 3291 804 3346 Coelarie
828 3291 934 3362 opidum
960 3291 987 3344 in
1005 3289 1158 3344 beneficium
1176 3291 1228 3344 siba
1248 3290 1364 3344 daretur.
1401 3289 1463 3344 Hiis

283 3361 389 3484 {³23⁸ssss
407 3377 495 3414 carrera
512 3361 655 3432 imperator
672 3362 782 3416 nimium
809 3363 988 3428 exacerbatam,
1016 3362 1114 3415 bellum
1140 3361 1265 3414 Heinrieo
1293 3360 1353 3414 duci
1380 3361 1462 3414 indici

283 3449 311 3484 ru
330 3449 366 3486 e.

370 3500 504 3556 Glalebert
522 3519 544 3555 v.
564 3501 674 3555 Hasnon
700 3501 748 3569 (Μ.
768 3501 800 3558 G.
819 3501 864 3556 SS.
883 3503 957 3568 XIII,
979 3504 1056 3568 bill:
1085 3501 1145 3556 Hiis
1164 3503 1252 3556 nartem
1281 3501 1458 3571 (verweigerte

282 3573 449 3641 Ilcerlahrtll
471 3575 499 3625 et
522 3572 582 3625 aliis
600 3572 705 3626 iniuriis
723 3573 886 3638 coadunatis,
907 3574 1027 3627 domiuus
1048 3572 1190 3655 imperator
1208 3573 1283 3626 illum
1301 3573 1329 3626 in
1348 3589 1454 3625 cansam

283 3645 399 3709 trahens,
418 3647 517 3696 terram
536 3659 611 3696 suam
629 3660 689 3696 cum
706 3643 803 3697 honore
821 3645 846 3696 ei
865 3645 929 3698 iecit
946 3644 1100 3699 abiudicari.

371 3713 503 3768 Gottiried
521 3731 545 3768 v.
565 3712 682 3780 viterbo,
703 3712 786 3768 Gesta
804 3713 876 3768 Frid.
895 3732 917 3769 e.
936 3719 987 3769 43:

493 3795 599 3849 Dicitur
616 3795 755 3861 Hannone,
774 3795 837 3850 dum
855 3795 958 3851 Cesaris
976 3799 1046 3850 esset
1064 3795 1172 3862 amicus,

492 3865 599 3919 Federis
618 3867 716 3920 oblitus
735 3866 845 3921 Greoo
863 3868 979 3920 sociatus
997 3865 1095 3936 iniquo,

492 3936 577 3989 ledat
595 3942 625 3991 nt
643 3937 780 4006 imperinm
797 3937 989 4007 Romuleosqus
1007 3937 1083 3990 situs.

494 4006 592 4060 Grecns
611 4008 711 4061 amicus
729 4008 753 4061 ei
771 4009 856 4062 scelus
874 4008 923 4062 hoe
941 4008 1084 4061 scelerosus
1103 4006 1203 4074 adegit,

494 4076 590 4146 Spreta
606 4078 665 4146 Iege
682 4077 731 4131 llei
750 4078 893 4148 plenusque
912 4078 971 4132 dolo
989 4077 1102 4142 sarissa

494 4147 598 4201 Cetaria
617 4165 678 4202 ense
696 4149 748 4201 mei
766 4166 834 4218 pena
851 4151 962 4217 paratur
979 4148 1011 4202 ei.

492 4217 549 4271 Hec
567 4218 612 4271 ubi
630 4219 764 4288 prospexit
782 4219 869 4286 (bear,
888 4236 940 4272 non
959 4218 1070 4272 crimina
1087 4219 1178 4283 texit,¹

494 4288 567 4342 Ultio
586 4290 707 4353 surrexit,
728 4289 868 4343 subitanea
885 4289 956 4342 bella
973 4287 1096 4358 capescit.

353 4359 424 4428 (Vgl.
443 4359 632 4413 Schreiben
650 4359 856 4412 Friedrichs
875 4377 917 4412 an
935 4359 1061 4412 Kaiser
1079 4356 1213 4411 Manncl
1232 4373 1271 4410 nr.
1284 4357 1425 4424 xavmu

353 4429 436 4484 Gesta
441 4430 558 4484 Heinrici
566 4429 601 4483 11.
609 4430 664 4499 (SS.
673 4447 721 4484 rer.
727 4429 795 4484 Brit
802 4430 842 4485 ed.
849 4429 977 4495 Stnbbsl,
987 4431 1061 4494 alab
1070 4427 1180 4482 Interim
1187 4427 1340 4481 Frederious
1351 4428 1386 4481 im
1421 4445 1461 4482 ra-

282 4503 332 4568 tor,
343 4517 439 4569 magno
452 4504 610 4570 congregato
622 4501 745 4566 exercitu,
758 4499 891 4554 hostiliter
902 4500 1014 4553 intrarit
1026 4499 1053 4552 iu
1065 4501 1162 4551 terram
1172 4497 1280 4551 IIenrioi
1297 4499 1371 4552 diruis
1403 4515 1461 4552 axe

1231 4569 1291 4632 17*
