<?xml version="1.0" encoding="UTF-8"?>
<!DOCTYPE html PUBLIC "-//W3C//DTD XHTML 1.0 Transitional//EN"
    "http://www.w3.org/TR/xhtml1/DTD/xhtml1-transitional.dtd">
<html xmlns="http://www.w3.org/1999/xhtml" xml:lang="en" lang="en">
 <head>
  <title>
</title>
<meta http-equiv="Content-Type" content="text/html;charset=utf-8" />
  <meta name='ocr-system' content='tesseract 3.04.00' />
  <meta name='ocr-capabilities' content='ocr_page ocr_carea ocr_par ocr_line ocrx_word'/>
</head>
<body>
  <div class='ocr_page' id='page_1' title='image "./monumentagerman01dbgoog_0141.png"; bbox 0 0 3617 5284; ppageno 0'>
   <div class='ocr_carea' id='block_1_1' title="bbox 364 535 407 599">
    <p class='ocr_par' dir='ltr' id='par_1_1' title="bbox 364 535 407 599">
     <span class='ocr_line' id='line_1_1' title="bbox 364 535 407 599; baseline 0.023 -1"><span class='ocrx_word' id='word_1_1' title='bbox 364 535 407 599; x_wconf 83' lang='lat'>54</span> 
     </span>
    </p>
   </div>
   <div class='ocr_carea' id='block_1_2' title="bbox 362 702 1547 1730">
    <p class='ocr_par' dir='ltr' id='par_1_2' title="bbox 362 702 1545 1044">
     <span class='ocr_line' id='line_1_2' title="bbox 362 702 1545 787; baseline 0.001 -20"><span class='ocrx_word' id='word_1_2' title='bbox 362 704 445 768; x_wconf 89' lang='lat' dir='ltr'>inter</span> <span class='ocrx_word' id='word_1_3' title='bbox 466 723 523 768; x_wconf 93' lang='lat' dir='ltr'>nos</span> <span class='ocrx_word' id='word_1_4' title='bbox 547 706 578 767; x_wconf 88' lang='lat' dir='ltr'>et</span> <span class='ocrx_word' id='word_1_5' title='bbox 593 703 763 784; x_wconf 83' lang='lat' dir='ltr'>gloriosum</span> <span class='ocrx_word' id='word_1_6' title='bbox 778 706 811 768; x_wconf 89' lang='lat' dir='ltr'>et</span> <span class='ocrx_word' id='word_1_7' title='bbox 825 702 1120 787; x_wconf 89' lang='lat' dir='ltr'>predilectissimum</span> <span class='ocrx_word' id='word_1_8' title='bbox 1136 703 1265 768; x_wconf 84' lang='lat' dir='ltr'>fratrem</span> <span class='ocrx_word' id='word_1_9' title='bbox 1280 705 1432 782; x_wconf 89' lang='lat' dir='ltr'>nostrum,</span> <span class='ocrx_word' id='word_1_10' title='bbox 1454 707 1545 768; x_wconf 88' lang='lat' dir='ltr'>tuum</span> 
     </span>
     <span class='ocr_line' id='line_1_3' title="bbox 362 787 1543 873; baseline 0 -19"><span class='ocrx_word' id='word_1_11' title='bbox 362 791 470 871; x_wconf 77' lang='lat' dir='ltr'>nilque</span> <span class='ocrx_word' id='word_1_12' title='bbox 482 789 639 866; x_wconf 82' lang='lat' dir='ltr'>meritum,</span> <span class='ocrx_word' id='word_1_13' title='bbox 650 789 852 871; x_wconf 82' lang='lat' dir='ltr'>magnificum</span> <span class='ocrx_word' id='word_1_14' title='bbox 862 793 894 854; x_wconf 89' lang='lat' dir='ltr'>et</span> <span class='ocrx_word' id='word_1_15' title='bbox 905 789 1062 855; x_wconf 83' lang='lat' dir='ltr'>excelsum</span> <span class='ocrx_word' id='word_1_16' title='bbox 1071 787 1241 854; x_wconf 85' lang='lat' dir='ltr'>Grecorum</span> <span class='ocrx_word' id='word_1_17' title='bbox 1252 789 1479 873; x_wconf 85' lang='lat' dir='ltr'>imperatorem,</span> <span class='ocrx_word' id='word_1_18' title='bbox 1486 790 1543 854; x_wconf 92' lang='lat' dir='ltr'>ali-</span> 
     </span>
     <span class='ocr_line' id='line_1_4' title="bbox 365 873 1545 959; baseline 0 -19"><span class='ocrx_word' id='word_1_19' title='bbox 365 876 488 959; x_wconf 82' lang='lat' dir='ltr'>quondo</span> <span class='ocrx_word' id='word_1_20' title='bbox 499 874 726 939; x_wconf 86' lang='lat' dir='ltr'>intercessisset</span> <span class='ocrx_word' id='word_1_21' title='bbox 739 913 778 922; x_wconf 89' lang='lat'>—-</span> <span class='ocrx_word' id='word_1_22' title='bbox 789 877 892 959; x_wconf 84' lang='lat' dir='ltr'>parati</span> <span class='ocrx_word' id='word_1_23' title='bbox 907 878 1012 939; x_wconf 87' lang='lat' dir='ltr'>tamen</span> <span class='ocrx_word' id='word_1_24' title='bbox 1029 879 1060 938; x_wconf 88' lang='lat' dir='ltr'>et</span> <span class='ocrx_word' id='word_1_25' title='bbox 1073 873 1185 940; x_wconf 90' lang='lat' dir='ltr'>intenti</span> <span class='ocrx_word' id='word_1_26' title='bbox 1202 894 1350 952; x_wconf 82' lang='lat' dir='ltr'><strong>essemus,</strong></span> <span class='ocrx_word' id='word_1_27' title='bbox 1368 893 1426 939; x_wconf 86' lang='lat' dir='ltr'>sus</span> <span class='ocrx_word' id='word_1_28' title='bbox 1441 876 1545 940; x_wconf 84' lang='lat' dir='ltr'>omnia</span> 
     </span>
     <span class='ocr_line' id='line_1_5' title="bbox 365 959 1545 1044; baseline -0.002 -18"><span class='ocrx_word' id='word_1_29' title='bbox 365 965 518 1044; x_wconf 80' lang='lat' dir='ltr'><strong>tanquam</strong></span> <span class='ocrx_word' id='word_1_30' title='bbox 538 966 646 1026; x_wconf 86' lang='lat' dir='ltr'>nostra</span> <span class='ocrx_word' id='word_1_31' title='bbox 668 961 809 1043; x_wconf 86' lang='lat' dir='ltr'>diligere,</span> <span class='ocrx_word' id='word_1_32' title='bbox 836 962 902 1026; x_wconf 84' lang='lat' dir='ltr'>suis</span> <span class='ocrx_word' id='word_1_33' title='bbox 925 959 1057 1025; x_wconf 88' lang='lat' dir='ltr'>inimicis</span> <span class='ocrx_word' id='word_1_34' title='bbox 1079 961 1233 1043; x_wconf 83' lang='lat' dir='ltr'>tanquam</span> <span class='ocrx_word' id='word_1_35' title='bbox 1254 961 1369 1025; x_wconf 88' lang='lat' dir='ltr'>nostris</span> <span class='ocrx_word' id='word_1_36' title='bbox 1391 961 1545 1026; x_wconf 84' lang='lat' dir='ltr'>resistere.</span> 
     </span>
    </p>

    <p class='ocr_par' dir='ltr' id='par_1_3' title="bbox 363 1047 1547 1730">
     <span class='ocr_line' id='line_1_6' title="bbox 449 1047 1545 1131; baseline -0.001 -20"><span class='ocrx_word' id='word_1_37' title='bbox 449 1047 1007 1131; x_wconf 86' lang='lat' dir='ltr'>Porroinconventionepacti,</span> <span class='ocrx_word' id='word_1_38' title='bbox 1030 1065 1128 1128; x_wconf 91' lang='lat' dir='ltr'>quae</span> <span class='ocrx_word' id='word_1_39' title='bbox 1143 1047 1249 1111; x_wconf 88' lang='lat' dir='ltr'>inter</span> <span class='ocrx_word' id='word_1_40' title='bbox 1269 1065 1340 1111; x_wconf 90' lang='lat' dir='ltr'>nos</span> <span class='ocrx_word' id='word_1_41' title='bbox 1356 1050 1394 1112; x_wconf 87' lang='lat' dir='ltr'>ct</span> <span class='ocrx_word' id='word_1_42' title='bbox 1415 1047 1545 1129; x_wconf 90' lang='lat' dir='ltr'>ipsum</span> 
     </span>
     <span class='ocr_line' id='line_1_7' title="bbox 365 1131 1546 1212; baseline -0.002 -14"><span class='ocrx_word' id='word_1_43' title='bbox 365 1133 466 1198; x_wconf 91' lang='lat' dir='ltr'>omni</span> <span class='ocrx_word' id='word_1_44' title='bbox 493 1151 578 1197; x_wconf 92' lang='lat' dir='ltr'>cum</span> <span class='ocrx_word' id='word_1_45' title='bbox 607 1133 881 1198; x_wconf 87' lang='lat' dir='ltr'>benivolentia</span> <span class='ocrx_word' id='word_1_46' title='bbox 909 1133 1076 1197; x_wconf 82' lang='lat' dir='ltr'>firmata</span> <span class='ocrx_word' id='word_1_47' title='bbox 1102 1135 1179 1210; x_wconf 85' lang='lat' dir='ltr'>est,</span> <span class='ocrx_word' id='word_1_48' title='bbox 1208 1131 1344 1196; x_wconf 90' lang='lat' dir='ltr'>condicio</span> <span class='ocrx_word' id='word_1_49' title='bbox 1371 1131 1546 1212; x_wconf 82' lang='lat' dir='ltr'>necessaria</span> 
     </span>
     <span class='ocr_line' id='line_1_8' title="bbox 363 1217 1546 1302; baseline 0.001 -20"><span class='ocrx_word' id='word_1_50' title='bbox 363 1219 546 1302; x_wconf 85' lang='lat' dir='ltr'>interposita</span> <span class='ocrx_word' id='word_1_51' title='bbox 566 1217 644 1282; x_wconf 77' lang='lat' dir='ltr'>fuit:</span> <span class='ocrx_word' id='word_1_52' title='bbox 668 1218 750 1300; x_wconf 90' lang='lat' dir='ltr'>quod</span> <span class='ocrx_word' id='word_1_53' title='bbox 773 1219 889 1284; x_wconf 87' lang='lat' dir='ltr'>scilicet</span> <span class='ocrx_word' id='word_1_54' title='bbox 912 1237 960 1296; x_wconf 87' lang='lat' dir='ltr'>ea,</span> <span class='ocrx_word' id='word_1_55' title='bbox 984 1235 1063 1300; x_wconf 84' lang='lat' dir='ltr'>quas</span> <span class='ocrx_word' id='word_1_56' title='bbox 1085 1218 1301 1300; x_wconf 76' lang='lat' dir='ltr'>prenomInata</span> <span class='ocrx_word' id='word_1_57' title='bbox 1322 1221 1354 1282; x_wconf 89' lang='lat' dir='ltr'>et</span> <span class='ocrx_word' id='word_1_58' title='bbox 1374 1219 1546 1302; x_wconf 84' lang='lat' dir='ltr'>prescripta</span> 
     </span>
     <span class='ocr_line' id='line_1_9' title="bbox 363 1303 1546 1388; baseline 0.001 -20"><span class='ocrx_word' id='word_1_59' title='bbox 363 1304 502 1381; x_wconf 86' lang='lat' dir='ltr'>fuerant,</span> <span class='ocrx_word' id='word_1_60' title='bbox 530 1304 655 1386; x_wconf 88' lang='lat' dir='ltr'>utrique</span> <span class='ocrx_word' id='word_1_61' title='bbox 677 1305 917 1388; x_wconf 72' lang='lat' dir='ltr'>compleremus,</span> <span class='ocrx_word' id='word_1_62' title='bbox 945 1303 1023 1368; x_wconf 89' lang='lat' dir='ltr'>nisi</span> <span class='ocrx_word' id='word_1_63' title='bbox 1052 1304 1154 1368; x_wconf 86' lang='lat' dir='ltr'>alter</span> <span class='ocrx_word' id='word_1_64' title='bbox 1182 1304 1247 1367; x_wconf 84' lang='lat' dir='ltr'>vel</span> <span class='ocrx_word' id='word_1_65' title='bbox 1277 1306 1449 1386; x_wconf 90' lang='lat' dir='ltr'>uterque</span> <span class='ocrx_word' id='word_1_66' title='bbox 1477 1324 1546 1369; x_wconf 93' lang='lat' dir='ltr'>no-</span> 
     </span>
     <span class='ocr_line' id='line_1_10' title="bbox 366 1389 1546 1472; baseline 0 -18"><span class='ocrx_word' id='word_1_67' title='bbox 366 1393 490 1454; x_wconf 87' lang='lat' dir='ltr'>strum</span> <span class='ocrx_word' id='word_1_68' title='bbox 511 1392 638 1455; x_wconf 89' lang='lat' dir='ltr'>morte</span> <span class='ocrx_word' id='word_1_69' title='bbox 666 1409 734 1454; x_wconf 89' lang='lat' dir='ltr'>seu</span> <span class='ocrx_word' id='word_1_70' title='bbox 756 1389 1137 1472; x_wconf 81' lang='lat' dir='ltr'>gravi-infirmitate</span> <span class='ocrx_word' id='word_1_71' title='bbox 1158 1389 1218 1453; x_wconf 84' lang='lat' dir='ltr'>vel</span> <span class='ocrx_word' id='word_1_72' title='bbox 1241 1389 1450 1453; x_wconf 84' lang='lat' dir='ltr'>amittendi</span> <span class='ocrx_word' id='word_1_73' title='bbox 1472 1389 1546 1454; x_wconf 95' lang='lat' dir='ltr'>im-</span> 
     </span>
     <span class='ocr_line' id='line_1_11' title="bbox 366 1475 1546 1559; baseline 0.001 -20"><span class='ocrx_word' id='word_1_74' title='bbox 366 1475 1247 1559; x_wconf 83' lang='lat' dir='ltr'>periipericuloidperficeroprohiberstur3</span> <span class='ocrx_word' id='word_1_75' title='bbox 1271 1477 1373 1557; x_wconf 87' lang='lat' dir='ltr'>atque,</span> <span class='ocrx_word' id='word_1_76' title='bbox 1387 1477 1546 1540; x_wconf 85' lang='lat' dir='ltr'>transacta</span> 
     </span>
     <span class='ocr_line' id='line_1_12' title="bbox 364 1560 1547 1644; baseline 0 -19"><span class='ocrx_word' id='word_1_77' title='bbox 364 1561 419 1625; x_wconf 88' lang='lat' dir='ltr'>illa</span> <span class='ocrx_word' id='word_1_78' title='bbox 440 1563 507 1625; x_wconf 89' lang='lat' dir='ltr'>tam</span> <span class='ocrx_word' id='word_1_79' title='bbox 521 1562 607 1643; x_wconf 85' lang='lat' dir='ltr'>gravi</span> <span class='ocrx_word' id='word_1_80' title='bbox 623 1564 655 1625; x_wconf 93' lang='lat' dir='ltr'>et</span> <span class='ocrx_word' id='word_1_81' title='bbox 675 1566 742 1625; x_wconf 81' lang='lat' dir='ltr'>tam</span> <span class='ocrx_word' id='word_1_82' title='bbox 763 1581 826 1626; x_wconf 92' lang='lat' dir='ltr'>non</span> <span class='ocrx_word' id='word_1_83' title='bbox 847 1560 1033 1644; x_wconf 86' lang='lat' dir='ltr'>negligenda</span> <span class='ocrx_word' id='word_1_84' title='bbox 1046 1561 1240 1637; x_wconf 86' lang='lat' dir='ltr'>necessitate,</span> <span class='ocrx_word' id='word_1_85' title='bbox 1263 1561 1302 1624; x_wconf 82' lang='lat' dir='ltr'>ad</span> <span class='ocrx_word' id='word_1_86' title='bbox 1317 1561 1499 1626; x_wconf 87' lang='lat' dir='ltr'>observandi</span> <span class='ocrx_word' id='word_1_87' title='bbox 1514 1566 1547 1625; x_wconf 91' lang='lat' dir='ltr'>et</span> 
     </span>
     <span class='ocr_line' id='line_1_13' title="bbox 364 1645 1545 1730; baseline 0 -20"><span class='ocrx_word' id='word_1_88' title='bbox 364 1646 502 1730; x_wconf 87' lang='lat' dir='ltr'>inplendi</span> <span class='ocrx_word' id='word_1_89' title='bbox 524 1646 664 1711; x_wconf 89' lang='lat' dir='ltr'>studium</span> <span class='ocrx_word' id='word_1_90' title='bbox 685 1646 786 1712; x_wconf 86' lang='lat' dir='ltr'>denuo</span> <span class='ocrx_word' id='word_1_91' title='bbox 809 1647 1081 1730; x_wconf 85' lang='lat' dir='ltr'>accingeremur.*)</span> <span class='ocrx_word' id='word_1_92' title='bbox 1121 1645 1214 1710; x_wconf 89' lang='lat' dir='ltr'>Nunc</span> <span class='ocrx_word' id='word_1_93' title='bbox 1229 1665 1301 1728; x_wconf 84' lang='lat' dir='ltr'>ergo</span> <span class='ocrx_word' id='word_1_94' title='bbox 1316 1645 1380 1725; x_wconf 88' lang='lat' dir='ltr'>tibi,</span> <span class='ocrx_word' id='word_1_95' title='bbox 1396 1649 1545 1730; x_wconf 87' lang='lat' dir='ltr'>tauquam</span> 
     </span>
    </p>
   </div>
   <div class='ocr_carea' id='block_1_3' title="bbox 365 1799 1548 4552">
    <p class='ocr_par' dir='ltr' id='par_1_4' title="bbox 365 1799 1548 3564">
     <span class='ocr_line' id='line_1_14' title="bbox 457 1799 1545 1872; baseline 0.002 -19"><span class='ocrx_word' id='word_1_96' title='bbox 457 1800 482 1867; x_wconf 75' lang='lat'>⁴¹)</span> <span class='ocrx_word' id='word_1_97' title='bbox 500 1800 564 1854; x_wconf 85' lang='lat' dir='ltr'>Dies</span> <span class='ocrx_word' id='word_1_98' title='bbox 590 1801 628 1855; x_wconf 86' lang='lat' dir='ltr'>iat</span> <span class='ocrx_word' id='word_1_99' title='bbox 654 1802 697 1856; x_wconf 87' lang='lat' dir='ltr'>die</span> <span class='ocrx_word' id='word_1_100' title='bbox 724 1803 874 1872; x_wconf 81' lang='lat' dir='ltr'>wichtigste</span> <span class='ocrx_word' id='word_1_101' title='bbox 902 1801 1089 1868; x_wconf 81' lang='lat' dir='ltr'>Quellenstelle</span> <span class='ocrx_word' id='word_1_102' title='bbox 1117 1801 1158 1855; x_wconf 81' lang='lat' dir='ltr'>fur</span> <span class='ocrx_word' id='word_1_103' title='bbox 1186 1801 1229 1854; x_wconf 88' lang='lat' dir='ltr'>die</span> <span class='ocrx_word' id='word_1_104' title='bbox 1251 1799 1383 1854; x_wconf 87' lang='lat' dir='ltr'>Kenntnis</span> <span class='ocrx_word' id='word_1_105' title='bbox 1412 1801 1458 1856; x_wconf 85' lang='lat' dir='ltr'>das</span> <span class='ocrx_word' id='word_1_106' title='bbox 1483 1802 1545 1855; x_wconf 88' lang='lat' dir='ltr'>Ver-</span> 
     </span>
     <span class='ocr_line' id='line_1_15' title="bbox 365 1871 1544 1939; baseline 0.002 -15"><span class='ocrx_word' id='word_1_107' title='bbox 365 1875 470 1939; x_wconf 77' lang='lat' dir='ltr'>tragos,</span> <span class='ocrx_word' id='word_1_108' title='bbox 495 1871 610 1926; x_wconf 84' lang='lat' dir='ltr'>walchen</span> <span class='ocrx_word' id='word_1_109' title='bbox 632 1872 739 1926; x_wconf 87' lang='lat' dir='ltr'>Kourad</span> <span class='ocrx_word' id='word_1_110' title='bbox 763 1873 814 1929; x_wconf 89' lang='lat'>111.</span> <span class='ocrx_word' id='word_1_111' title='bbox 840 1873 882 1927; x_wconf 87' lang='lat' dir='ltr'>bei</span> <span class='ocrx_word' id='word_1_112' title='bbox 907 1873 1005 1927; x_wconf 87' lang='lat' dir='ltr'>saincm</span> <span class='ocrx_word' id='word_1_113' title='bbox 1030 1873 1138 1926; x_wconf 79' lang='lat' dir='ltr'>aweitsu</span> <span class='ocrx_word' id='word_1_114' title='bbox 1164 1871 1335 1925; x_wconf 78' lang='lat' dir='ltr'>Aufenthaltc</span> <span class='ocrx_word' id='word_1_115' title='bbox 1360 1871 1387 1926; x_wconf 89' lang='lat' dir='ltr'>in</span> <span class='ocrx_word' id='word_1_116' title='bbox 1412 1871 1544 1926; x_wconf 81' lang='lat' dir='ltr'>Konstan-</span> 
     </span>
     <span class='ocr_line' id='line_1_16' title="bbox 366 1941 1544 2011; baseline 0.003 -17"><span class='ocrx_word' id='word_1_117' title='bbox 366 1941 473 2011; x_wconf 77' lang='lat' dir='ltr'>tinopcl,</span> <span class='ocrx_word' id='word_1_118' title='bbox 492 1941 540 1994; x_wconf 87' lang='lat' dir='ltr'>aul</span> <span class='ocrx_word' id='word_1_119' title='bbox 554 1942 640 1996; x_wconf 87' lang='lat' dir='ltr'>seiner</span> <span class='ocrx_word' id='word_1_120' title='bbox 657 1943 798 1997; x_wconf 82' lang='lat' dir='ltr'>Rlicklrchr</span> <span class='ocrx_word' id='word_1_121' title='bbox 816 1961 873 1998; x_wconf 85' lang='lat' dir='ltr'>vom</span> <span class='ocrx_word' id='word_1_122' title='bbox 885 1943 1046 2011; x_wconf 78' lang='lat' dir='ltr'>Krcuzmgc,</span> <span class='ocrx_word' id='word_1_123' title='bbox 1065 1941 1282 1996; x_wconf 88' lang='lat' dir='ltr'>wahrschciulich</span> <span class='ocrx_word' id='word_1_124' title='bbox 1302 1941 1368 1996; x_wconf 90' lang='lat' dir='ltr'>noch</span> <span class='ocrx_word' id='word_1_125' title='bbox 1388 1941 1424 1996; x_wconf 90' lang='lat' dir='ltr'>im</span> <span class='ocrx_word' id='word_1_126' title='bbox 1436 1942 1461 1998; x_wconf 87' lang='lat' dir='ltr'>J.</span> <span class='ocrx_word' id='word_1_127' title='bbox 1478 1947 1544 1997; x_wconf 84' lang='grc'>1148</span> 
     </span>
     <span class='ocr_line' id='line_1_17' title="bbox 366 2011 1546 2083; baseline 0.001 -19"><span class='ocrx_word' id='word_1_128' title='bbox 366 2012 417 2065; x_wconf 94' lang='lat' dir='ltr'>mit</span> <span class='ocrx_word' id='word_1_129' title='bbox 437 2012 544 2065; x_wconf 87' lang='lat' dir='ltr'>Manuel</span> <span class='ocrx_word' id='word_1_130' title='bbox 565 2011 587 2066; x_wconf 96' lang='lat' dir='ltr'>I.</span> <span class='ocrx_word' id='word_1_131' title='bbox 605 2014 772 2081; x_wconf 82' lang='lat' dir='ltr'>geschlossen</span> <span class='ocrx_word' id='word_1_132' title='bbox 794 2013 851 2070; x_wconf 91' lang='lat' dir='ltr'>hat.</span> <span class='ocrx_word' id='word_1_133' title='bbox 887 2014 948 2083; x_wconf 82' lang='lat' dir='ltr'>Vgl.</span> <span class='ocrx_word' id='word_1_134' title='bbox 979 2014 1044 2067; x_wconf 82' lang='lat' dir='ltr'>donn</span> <span class='ocrx_word' id='word_1_135' title='bbox 1068 2012 1136 2066; x_wconf 91' lang='lat' dir='ltr'>noch</span> <span class='ocrx_word' id='word_1_136' title='bbox 1154 2012 1300 2066; x_wconf 88' lang='lat' dir='ltr'>Kinnamue</span> <span class='ocrx_word' id='word_1_137' title='bbox 1325 2012 1367 2078; x_wconf 89' lang='lat'>11,</span> <span class='ocrx_word' id='word_1_138' title='bbox 1395 2017 1441 2066; x_wconf 80' lang='lat' dir='ltr'>is:</span> <span class='ocrx_word' id='word_1_139' title='bbox 1469 2011 1499 2066; x_wconf 87' lang='grc' dir='ltr'><strong><em>Ὁ</em></strong></span> <span class='ocrx_word' id='word_1_140' title='bbox 1517 2011 1546 2066; x_wconf 76' lang='grc' dir='ltr'>δὲ</span> 
     </span>
     <span class='ocr_line' id='line_1_18' title="bbox 365 2073 1545 2155; baseline 0 -21"><span class='ocrx_word' id='word_1_141' title='bbox 365 2079 490 2149; x_wconf 70' lang='grc' dir='ltr'><em>βασιλεὺς</em></span> <span class='ocrx_word' id='word_1_142' title='bbox 506 2087 564 2134; x_wconf 77' lang='grc' dir='ltr'>τῶν</span> <span class='ocrx_word' id='word_1_143' title='bbox 581 2080 669 2134; x_wconf 73' lang='grc' dir='ltr'><em>πάλαι</em></span> <span class='ocrx_word' id='word_1_144' title='bbox 685 2081 971 2155; x_wconf 71' lang='grc' dir='ltr'><em>προομολογηθεντων</em></span> <span class='ocrx_word' id='word_1_145' title='bbox 988 2080 1188 2151; x_wconf 77' lang='grc' dir='ltr'>ἀνεμίμνησκεν</span> <span class='ocrx_word' id='word_1_146' title='bbox 1205 2079 1288 2148; x_wconf 72' lang='grc' dir='ltr'><em>αὐτῷ·</em></span> <span class='ocrx_word' id='word_1_147' title='bbox 1311 2073 1383 2148; x_wconf 73' lang='grc' dir='ltr'><em>ἦσαν</em></span> <span class='ocrx_word' id='word_1_148' title='bbox 1401 2081 1431 2135; x_wconf 76' lang='grc' dir='ltr'>δὲ</span> <span class='ocrx_word' id='word_1_149' title='bbox 1449 2087 1545 2146; x_wconf 77' lang='grc' dir='ltr'><em>τοῦτο,</em></span> 
     </span>
     <span class='ocr_line' id='line_1_19' title="bbox 366 2147 1545 2226; baseline -0.001 -21"><span class='ocrx_word' id='word_1_150' title='bbox 366 2149 439 2208; x_wconf 75' lang='grc' dir='ltr'><em>ὅπως</em></span> <span class='ocrx_word' id='word_1_151' title='bbox 450 2149 598 2205; x_wconf 75' lang='grc' dir='ltr'><em>Ἰταλίαν</em></span> <span class='ocrx_word' id='word_1_152' title='bbox 615 2154 665 2205; x_wconf 75' lang='lat' dir='ltr'>ait</span> <span class='ocrx_word' id='word_1_153' title='bbox 683 2151 785 2207; x_wconf 72' lang='grc' dir='ltr'><em>ἕδνον</em></span> <span class='ocrx_word' id='word_1_154' title='bbox 801 2159 842 2206; x_wconf 74' lang='grc' dir='ltr'>ον’</span> <span class='ocrx_word' id='word_1_155' title='bbox 859 2151 1021 2221; x_wconf 72' lang='grc' dir='ltr'>βασιλίδι</span> <span class='ocrx_word' id='word_1_156' title='bbox 1040 2147 1264 2206; x_wconf 74' lang='grc' dir='ltr'><em>ἅνασώσαιτο</em></span> <span class='ocrx_word' id='word_1_157' title='bbox 1283 2147 1428 2226; x_wconf 78' lang='grc' dir='ltr'><em>Εἰρήνη,</em></span> <span class='ocrx_word' id='word_1_158' title='bbox 1447 2150 1482 2220; x_wconf 76' lang='grc' dir='ltr'>ἣν</span> <span class='ocrx_word' id='word_1_159' title='bbox 1500 2159 1545 2204; x_wconf 73' lang='grc' dir='ltr'>καὶ</span> 
     </span>
     <span class='ocr_line' id='line_1_20' title="bbox 365 2197 1548 2296; baseline 0.003 -22"><span class='ocrx_word' id='word_1_160' title='bbox 365 2219 446 2279; x_wconf 69' lang='lat' dir='ltr'>attor</span> <span class='ocrx_word' id='word_1_161' title='bbox 464 2227 578 2294; x_wconf 66' lang='grc' dir='ltr'>συγγενῆ</span> <span class='ocrx_word' id='word_1_162' title='bbox 595 2213 683 2276; x_wconf 69' lang='grc' dir='ltr'><em>οὖσαν</em></span> <span class='ocrx_word' id='word_1_163' title='bbox 699 2229 740 2291; x_wconf 78' lang='grc' dir='ltr'>τῷ</span> <span class='ocrx_word' id='word_1_164' title='bbox 757 2197 864 2292; x_wconf 62' lang='lat' dir='ltr'>fluctis?</span> <span class='ocrx_word' id='word_1_165' title='bbox 881 2223 1072 2296; x_wconf 75' lang='grc' dir='ltr'><em>κατηγγύησεν.</em></span> <span class='ocrx_word' id='word_1_166' title='bbox 1107 2221 1220 2293; x_wconf 63' lang='lat' dir='ltr'>‘Oculum</span> <span class='ocrx_word' id='word_1_167' title='bbox 1244 2213 1294 2275; x_wconf 72' lang='grc' dir='ltr'>οὖν</span> <span class='ocrx_word' id='word_1_168' title='bbox 1314 2219 1447 2294; x_wconf 55' lang='lat' dir='ltr'>firmianae</span> <span class='ocrx_word' id='word_1_169' title='bbox 1465 2217 1548 2277; x_wconf 63' lang='lat' dir='ltr'>aelric</span> 
     </span>
     <span class='ocr_line' id='line_1_21' title="bbox 365 2289 1545 2368; baseline 0 -22"><span class='ocrx_word' id='word_1_170' title='bbox 365 2313 394 2346; x_wconf 74' lang='grc' dir='ltr'>τε</span> <span class='ocrx_word' id='word_1_171' title='bbox 410 2297 456 2344; x_wconf 74' lang='grc' dir='ltr'>καὶ</span> <span class='ocrx_word' id='word_1_172' title='bbox 476 2289 636 2364; x_wconf 74' lang='grc' dir='ltr'><em>Φρσδορίκοσ</em></span> <span class='ocrx_word' id='word_1_173' title='bbox 656 2294 692 2347; x_wconf 82' lang='grc' dir='ltr'>τὰ</span> <span class='ocrx_word' id='word_1_174' title='bbox 711 2301 788 2365; x_wconf 73' lang='grc' dir='ltr'><em>σφίσι</em></span> <span class='ocrx_word' id='word_1_175' title='bbox 813 2293 961 2368; x_wconf 69' lang='grc' dir='ltr'><em>δεδογμένα</em></span> <span class='ocrx_word' id='word_1_176' title='bbox 982 2291 1168 2350; x_wconf 74' lang='grc' dir='ltr'><em>πιστώσαντες</em></span> <span class='ocrx_word' id='word_1_177' title='bbox 1185 2299 1232 2360; x_wconf 76' lang='grc' dir='ltr'>τῆς</span> <span class='ocrx_word' id='word_1_178' title='bbox 1246 2291 1386 2362; x_wconf 80' lang='grc' dir='ltr'><em>Ῥωμαίων</em></span> <span class='ocrx_word' id='word_1_179' title='bbox 1404 2289 1545 2348; x_wconf 66' lang='grc' dir='ltr'>ἀπαλλάτ-</span> 
     </span>
     <span class='ocr_line' id='line_1_22' title="bbox 365 2364 1546 2506; baseline 0.001 -17"><span class='ocrx_word' id='word_1_180' title='bbox 365 2365 912 2506; x_wconf 61' lang='lat' dir='ltr'>sosse⁶·0lsr,icle¹¹etr²¹n</span> <span class='ocrx_word' id='word_1_181' title='bbox 925 2365 1011 2489; x_wconf 61' lang='lat' dir='ltr'>llll</span> <span class='ocrx_word' id='word_1_182' title='bbox 1029 2364 1203 2489; x_wconf 66' lang='lat' dir='ltr'>alftan</span> <span class='ocrx_word' id='word_1_183' title='bbox 1227 2365 1546 2506; x_wconf 61' lang='lat' dir='ltr'>custumii-</span> 
     </span>
     <span class='ocr_line' id='line_1_23' title="bbox 368 2455 1546 2577; baseline 0.002 -19"><span class='ocrx_word' id='word_1_184' title='bbox 368 2505 464 2559; x_wconf 86' lang='lat' dir='ltr'>Sicut</span> <span class='ocrx_word' id='word_1_185' title='bbox 494 2505 608 2560; x_wconf 88' lang='lat' dir='ltr'>domno</span> <span class='ocrx_word' id='word_1_186' title='bbox 640 2522 748 2577; x_wconf 88' lang='lat' dir='ltr'>papae</span> <span class='ocrx_word' id='word_1_187' title='bbox 776 2523 813 2560; x_wconf 91' lang='lat' dir='ltr'>ac</span> <span class='ocrx_word' id='word_1_188' title='bbox 839 2455 940 2560; x_wconf 73' lang='lat' dir='ltr'>nobis</span> <span class='ocrx_word' id='word_1_189' title='bbox 968 2505 1223 2573; x_wconf 83' lang='lat' dir='ltr'>significatum</span> <span class='ocrx_word' id='word_1_190' title='bbox 1250 2509 1304 2559; x_wconf 85' lang='lat' dir='ltr'>eet</span> <span class='ocrx_word' id='word_1_191' title='bbox 1331 2508 1366 2559; x_wconf 90' lang='lat' dir='ltr'>et</span> <span class='ocrx_word' id='word_1_192' title='bbox 1394 2478 1546 2560; x_wconf 85' lang='lat' dir='ltr'>ruinores</span> 
     </span>
     <span class='ocr_line' id='line_1_24' title="bbox 369 2575 1545 2648; baseline 0.001 -18"><span class='ocrx_word' id='word_1_193' title='bbox 369 2575 470 2630; x_wconf 88' lang='lat' dir='ltr'>etiam</span> <span class='ocrx_word' id='word_1_194' title='bbox 495 2575 728 2645; x_wconf 79' lang='lat' dir='ltr'>increverunt,</span> <span class='ocrx_word' id='word_1_195' title='bbox 746 2581 822 2648; x_wconf 82' lang='lat' dir='ltr'>pater</span> <span class='ocrx_word' id='word_1_196' title='bbox 839 2578 923 2648; x_wconf 87' lang='lat' dir='ltr'>ipsius</span> <span class='ocrx_word' id='word_1_197' title='bbox 942 2576 1081 2646; x_wconf 71' lang='lat' dir='ltr'>(Heinrioi)</span> <span class='ocrx_word' id='word_1_198' title='bbox 1100 2591 1144 2630; x_wconf 81' lang='lat' dir='ltr'>rex</span> <span class='ocrx_word' id='word_1_199' title='bbox 1163 2575 1299 2630; x_wconf 77' lang='lat' dir='ltr'>conradus</span> <span class='ocrx_word' id='word_1_200' title='bbox 1317 2577 1388 2631; x_wconf 87' lang='lat' dir='ltr'>mala</span> <span class='ocrx_word' id='word_1_201' title='bbox 1404 2593 1451 2647; x_wconf 87' lang='lat' dir='ltr'>pro</span> <span class='ocrx_word' id='word_1_202' title='bbox 1469 2577 1545 2631; x_wconf 90' lang='lat' dir='ltr'>bonis</span> 
     </span>
     <span class='ocr_line' id='line_1_25' title="bbox 367 2645 1545 2729; baseline 0.002 -29"><span class='ocrx_word' id='word_1_203' title='bbox 367 2646 587 2716; x_wconf 82' lang='lat' dir='ltr'>(Unterstlltaung</span> <span class='ocrx_word' id='word_1_204' title='bbox 609 2647 750 2702; x_wconf 86' lang='lat' dir='ltr'>Heinricha</span> <span class='ocrx_word' id='word_1_205' title='bbox 773 2648 856 2702; x_wconf 85' lang='lat' dir='ltr'><strong>durch</strong></span> <span class='ocrx_word' id='word_1_206' title='bbox 889 2648 940 2702; x_wconf 89' lang='lat' dir='ltr'>den</span> <span class='ocrx_word' id='word_1_207' title='bbox 962 2648 1046 2729; x_wconf 74' lang='lat' dir='ltr'>Papst</span> <span class='ocrx_word' id='word_1_208' title='bbox 1069 2645 1191 2700; x_wconf 77' lang='lat' dir='ltr'>wthrend</span> <span class='ocrx_word' id='word_1_209' title='bbox 1217 2646 1263 2700; x_wconf 87' lang='lat' dir='ltr'>dos</span> <span class='ocrx_word' id='word_1_210' title='bbox 1287 2647 1436 2716; x_wconf 80' lang='lat' dir='ltr'>Kreuazugo</span> <span class='ocrx_word' id='word_1_211' title='bbox 1460 2649 1545 2702; x_wconf 85' lang='lat' dir='ltr'>seinos</span> 
     </span>
     <span class='ocr_line' id='line_1_26' title="bbox 367 2717 1544 2788; baseline 0.001 -18"><span class='ocrx_word' id='word_1_212' title='bbox 367 2717 490 2783; x_wconf 82' lang='lat' dir='ltr'>Vatersl,</span> <span class='ocrx_word' id='word_1_213' title='bbox 518 2717 588 2787; x_wconf 88' lang='lat' dir='ltr'>quod</span> <span class='ocrx_word' id='word_1_214' title='bbox 611 2718 683 2772; x_wconf 87' lang='lat' dir='ltr'>Deua</span> <span class='ocrx_word' id='word_1_215' title='bbox 708 2723 824 2785; x_wconf 84' lang='lat' dir='ltr'>avertat,</span> <span class='ocrx_word' id='word_1_216' title='bbox 852 2718 960 2773; x_wconf 87' lang='lat' dir='ltr'>reddere</span> <span class='ocrx_word' id='word_1_217' title='bbox 986 2717 1082 2771; x_wconf 75' lang='lat' dir='ltr'>nrtItur</span> <span class='ocrx_word' id='word_1_218' title='bbox 1105 2719 1133 2770; x_wconf 89' lang='lat' dir='ltr'>et</span> <span class='ocrx_word' id='word_1_219' title='bbox 1157 2735 1227 2771; x_wconf 91' lang='lat' dir='ltr'>cum</span> <span class='ocrx_word' id='word_1_220' title='bbox 1255 2717 1544 2788; x_wconf 82' lang='lat' dir='ltr'>Constantinopo-</span> 
     </span>
     <span class='ocr_line' id='line_1_27' title="bbox 365 2787 1544 2859; baseline 0.002 -19"><span class='ocrx_word' id='word_1_221' title='bbox 365 2787 482 2841; x_wconf 89' lang='lat' dir='ltr'>litano</span> <span class='ocrx_word' id='word_1_222' title='bbox 507 2787 716 2859; x_wconf 80' lang='lat' dir='ltr'>imperatore</span> <span class='ocrx_word' id='word_1_223' title='bbox 734 2793 889 2843; x_wconf 86' lang='lat' dir='ltr'>sanctam</span> <span class='ocrx_word' id='word_1_224' title='bbox 912 2789 1091 2843; x_wconf 80' lang='lat' dir='ltr'>Romanam</span> <span class='ocrx_word' id='word_1_225' title='bbox 1116 2788 1333 2855; x_wconf 86' lang='lat' dir='ltr'>aecclesiam,</span> <span class='ocrx_word' id='word_1_226' title='bbox 1358 2787 1544 2842; x_wconf 84' lang='lat' dir='ltr'>catholiconrm</span> 
     </span>
     <span class='ocr_line' id='line_1_28' title="bbox 366 2857 1546 2930; baseline -0.001 -17"><span class='ocrx_word' id='word_1_227' title='bbox 366 2858 481 2913; x_wconf 91' lang='lat' dir='ltr'>onmium</span> <span class='ocrx_word' id='word_1_228' title='bbox 499 2861 623 2925; x_wconf 81' lang='lat' dir='ltr'>matrem,</span> <span class='ocrx_word' id='word_1_229' title='bbox 646 2860 818 2928; x_wconf 81' lang='lat' dir='ltr'>graviter,</span> <span class='ocrx_word' id='word_1_230' title='bbox 843 2861 871 2913; x_wconf 88' lang='lat' dir='ltr'>si</span> <span class='ocrx_word' id='word_1_231' title='bbox 888 2859 1034 2930; x_wconf 85' lang='lat' dir='ltr'>poterit,</span> <span class='ocrx_word' id='word_1_232' title='bbox 1054 2857 1220 2927; x_wconf 80' lang='lat' dir='ltr'>affligere</span> <span class='ocrx_word' id='word_1_233' title='bbox 1237 2862 1272 2912; x_wconf 87' lang='lat' dir='ltr'>et</span> <span class='ocrx_word' id='word_1_234' title='bbox 1289 2859 1456 2913; x_wconf 80' lang='lat' dir='ltr'>infestare</span> <span class='ocrx_word' id='word_1_235' title='bbox 1474 2859 1546 2913; x_wconf 90' lang='lat' dir='ltr'>dis·</span> 
     </span>
     <span class='ocr_line' id='line_1_29' title="bbox 365 2927 1545 3052; baseline 0.002 -70"><span class='ocrx_word' id='word_1_236' title='bbox 365 2929 474 3052; x_wconf 51' lang='lat' dir='ltr'>{enit</span> <span class='ocrx_word' id='word_1_237' title='bbox 515 2928 601 2984; x_wconf 87' lang='lat' dir='ltr'>Wenn</span> <span class='ocrx_word' id='word_1_238' title='bbox 626 2930 654 2983; x_wconf 94' lang='lat' dir='ltr'>in</span> <span class='ocrx_word' id='word_1_239' title='bbox 678 2929 739 2984; x_wconf 88' lang='lat' dir='ltr'>dom</span> <span class='ocrx_word' id='word_1_240' title='bbox 762 2929 891 2999; x_wconf 84' lang='lat' dir='ltr'>Vertrage</span> <span class='ocrx_word' id='word_1_241' title='bbox 913 2931 970 2984; x_wconf 87' lang='lat' dir='ltr'>eine</span> <span class='ocrx_word' id='word_1_242' title='bbox 995 2927 1240 2998; x_wconf 77' lang='lat' dir='ltr'>Lanuerabtretung</span> <span class='ocrx_word' id='word_1_243' title='bbox 1262 2929 1397 2999; x_wconf 84' lang='lat' dir='ltr'>stipuliert</span> <span class='ocrx_word' id='word_1_244' title='bbox 1421 2945 1488 2996; x_wconf 78' lang='lat' dir='ltr'>war,</span> <span class='ocrx_word' id='word_1_245' title='bbox 1515 2947 1545 2984; x_wconf 87' lang='lat' dir='ltr'>ao</span> 
     </span>
     <span class='ocr_line' id='line_1_30' title="bbox 385 2998 1545 3070; baseline 0.001 -18"><span class='ocrx_word' id='word_1_246' title='bbox 385 3001 465 3053; x_wconf 82' lang='lat' dir='ltr'>onnte</span> <span class='ocrx_word' id='word_1_247' title='bbox 483 3000 528 3067; x_wconf 85' lang='lat' dir='ltr'>sie,</span> <span class='ocrx_word' id='word_1_248' title='bbox 547 3000 576 3054; x_wconf 93' lang='lat' dir='ltr'>in</span> <span class='ocrx_word' id='word_1_249' title='bbox 593 2999 653 3054; x_wconf 87' lang='lat' dir='ltr'>dem</span> <span class='ocrx_word' id='word_1_250' title='bbox 670 3001 713 3054; x_wconf 75' lang='lat' dir='ltr'>fiir</span> <span class='ocrx_word' id='word_1_251' title='bbox 730 3000 834 3069; x_wconf 79' lang='lat' dir='ltr'>Bynanz</span> <span class='ocrx_word' id='word_1_252' title='bbox 851 3001 1019 3070; x_wconf 80' lang='lat' dir='ltr'>grlnstigstsn</span> <span class='ocrx_word' id='word_1_253' title='bbox 1038 2998 1120 3064; x_wconf 81' lang='lat' dir='ltr'>Folle,</span> <span class='ocrx_word' id='word_1_254' title='bbox 1139 3016 1189 3052; x_wconf 87' lang='lat' dir='ltr'>nur</span> <span class='ocrx_word' id='word_1_255' title='bbox 1207 3000 1255 3053; x_wconf 84' lang='lat' dir='ltr'>das</span> <span class='ocrx_word' id='word_1_256' title='bbox 1273 3000 1545 3054; x_wconf 88' lang='lat' dir='ltr'>normannisohe</span> 
     </span>
     <span class='ocr_line' id='line_1_31' title="bbox 368 3069 1543 3139; baseline 0.003 -17"><span class='ocrx_word' id='word_1_257' title='bbox 368 3069 614 3124; x_wconf 89' lang='lat' dir='ltr'>Untcritalien</span> <span class='ocrx_word' id='word_1_258' title='bbox 637 3071 769 3124; x_wconf 75' lang='lat' dir='ltr'>unumsen</span> <span class='ocrx_word' id='word_1_259' title='bbox 790 3072 854 3139; x_wconf 81' lang='lat' dir='ltr'>(vgl.</span> <span class='ocrx_word' id='word_1_260' title='bbox 879 3071 1004 3138; x_wconf 82' lang='lat' dir='ltr'>librigens</span> <span class='ocrx_word' id='word_1_261' title='bbox 1028 3070 1078 3124; x_wconf 88' lang='lat' dir='ltr'>den</span> <span class='ocrx_word' id='word_1_262' title='bbox 1101 3069 1171 3124; x_wconf 80' lang='lat' dir='ltr'>Titsl</span> <span class='ocrx_word' id='word_1_263' title='bbox 1197 3070 1243 3123; x_wconf 87' lang='lat' dir='ltr'>des</span> <span class='ocrx_word' id='word_1_264' title='bbox 1264 3069 1543 3139; x_wconf 76' lang='lat' dir='ltr'>Nonnannenlriinigs:</span> 
     </span>
     <span class='ocr_line' id='line_1_32' title="bbox 368 3139 1542 3209; baseline 0.003 -17"><span class='ocrx_word' id='word_1_265' title='bbox 368 3140 497 3208; x_wconf 76' lang='lat' dir='ltr'>Rogemus</span> <span class='ocrx_word' id='word_1_266' title='bbox 515 3140 557 3194; x_wconf 88' lang='lat' dir='ltr'>dei</span> <span class='ocrx_word' id='word_1_267' title='bbox 574 3141 663 3209; x_wconf 64' lang='lat' dir='ltr'>mua</span> <span class='ocrx_word' id='word_1_268' title='bbox 675 3141 780 3194; x_wconf 83' lang='lat' dir='ltr'>Siciliae</span> <span class='ocrx_word' id='word_1_269' title='bbox 798 3145 826 3194; x_wconf 88' lang='lat' dir='ltr'>et</span> <span class='ocrx_word' id='word_1_270' title='bbox 843 3141 976 3194; x_wconf 87' lang='lat' dir='ltr'>Italiae</span> <span class='ocrx_word' id='word_1_271' title='bbox 995 3142 1073 3207; x_wconf 80' lang='lat' dir='ltr'>mxl).</span> <span class='ocrx_word' id='word_1_272' title='bbox 1103 3140 1147 3194; x_wconf 87' lang='lat' dir='ltr'>Ku</span> <span class='ocrx_word' id='word_1_273' title='bbox 1166 3139 1212 3206; x_wconf 90' lang='lat' dir='ltr'>ler,</span> <span class='ocrx_word' id='word_1_274' title='bbox 1231 3139 1342 3194; x_wconf 82' lang='lat' dir='ltr'>Studien</span> <span class='ocrx_word' id='word_1_275' title='bbox 1360 3157 1381 3196; x_wconf 82' lang='lat' dir='ltr'>a.</span> <span class='ocrx_word' id='word_1_276' title='bbox 1401 3139 1432 3196; x_wconf 85' lang='lat' dir='ltr'>G.</span> <span class='ocrx_word' id='word_1_277' title='bbox 1452 3141 1477 3196; x_wconf 87' lang='lat' dir='ltr'>d.</span> <span class='ocrx_word' id='word_1_278' title='bbox 1497 3159 1542 3196; x_wconf 83' lang='lat' dir='ltr'>au.</span> 
     </span>
     <span class='ocr_line' id='line_1_33' title="bbox 369 3209 1544 3277; baseline 0.001 -13"><span class='ocrx_word' id='word_1_279' title='bbox 369 3211 415 3266; x_wconf 86' lang='lat' dir='ltr'>Kr.</span> <span class='ocrx_word' id='word_1_280' title='bbox 433 3209 459 3265; x_wconf 84' lang='lat' dir='ltr'>S.</span> <span class='ocrx_word' id='word_1_281' title='bbox 480 3213 531 3264; x_wconf 79' lang='lat'>202</span> <span class='ocrx_word' id='word_1_282' title='bbox 549 3210 576 3266; x_wconf 84' lang='lat' dir='ltr'>ff.</span> <span class='ocrx_word' id='word_1_283' title='bbox 603 3211 709 3265; x_wconf 86' lang='lat' dir='ltr'>vertritt</span> <span class='ocrx_word' id='word_1_284' title='bbox 733 3211 775 3264; x_wconf 86' lang='lat' dir='ltr'>dio</span> <span class='ocrx_word' id='word_1_285' title='bbox 793 3211 919 3277; x_wconf 87' lang='lat' dir='ltr'>Ansicht‚</span> <span class='ocrx_word' id='word_1_286' title='bbox 943 3210 1006 3264; x_wconf 87' lang='lat' dir='ltr'>dass</span> <span class='ocrx_word' id='word_1_287' title='bbox 1030 3211 1057 3264; x_wconf 96' lang='lat' dir='ltr'>in</span> <span class='ocrx_word' id='word_1_288' title='bbox 1085 3211 1131 3264; x_wconf 90' lang='lat' dir='ltr'>dor</span> <span class='ocrx_word' id='word_1_289' title='bbox 1190 3213 1219 3264; x_wconf 89' lang='lat' dir='ltr'>at</span> <span class='ocrx_word' id='word_1_290' title='bbox 1236 3227 1285 3264; x_wconf 86' lang='lat' dir='ltr'>von</span> <span class='ocrx_word' id='word_1_291' title='bbox 1303 3211 1411 3265; x_wconf 83' lang='lat' dir='ltr'>Konrud</span> <span class='ocrx_word' id='word_1_292' title='bbox 1431 3211 1473 3266; x_wconf 89' lang='lat' dir='ltr'>dic</span> <span class='ocrx_word' id='word_1_293' title='bbox 1493 3213 1544 3265; x_wconf 76' lang='lat' dir='ltr'>Ab·</span> 
     </span>
     <span class='ocr_line' id='line_1_34' title="bbox 368 3280 1543 3351; baseline -0.001 -16"><span class='ocrx_word' id='word_1_294' title='bbox 368 3284 478 3349; x_wconf 83' lang='lat' dir='ltr'>trotung</span> <span class='ocrx_word' id='word_1_295' title='bbox 496 3282 567 3335; x_wconf 88' lang='lat' dir='ltr'>eines</span> <span class='ocrx_word' id='word_1_296' title='bbox 579 3281 664 3335; x_wconf 87' lang='lat' dir='ltr'>Teilee</span> <span class='ocrx_word' id='word_1_297' title='bbox 684 3297 733 3335; x_wconf 86' lang='lat' dir='ltr'>von</span> <span class='ocrx_word' id='word_1_298' title='bbox 744 3281 842 3336; x_wconf 84' lang='lat' dir='ltr'>Italion</span> <span class='ocrx_word' id='word_1_299' title='bbox 860 3281 1024 3351; x_wconf 81' lang='lat' dir='ltr'>zugosichert</span> <span class='ocrx_word' id='word_1_300' title='bbox 1040 3281 1145 3336; x_wconf 86' lang='lat' dir='ltr'>worden</span> <span class='ocrx_word' id='word_1_301' title='bbox 1163 3281 1214 3346; x_wconf 86' lang='lat' dir='ltr'>sei;</span> <span class='ocrx_word' id='word_1_302' title='bbox 1233 3280 1300 3334; x_wconf 83' lang='lat' dir='ltr'>auch</span> <span class='ocrx_word' id='word_1_303' title='bbox 1314 3280 1485 3336; x_wconf 85' lang='lat' dir='ltr'>Giesebrccht</span> <span class='ocrx_word' id='word_1_304' title='bbox 1497 3282 1543 3348; x_wconf 86' lang='lat' dir='ltr'>lv,</span> 
     </span>
     <span class='ocr_line' id='line_1_35' title="bbox 369 3351 1544 3418; baseline 0 -11"><span class='ocrx_word' id='word_1_305' title='bbox 369 3357 420 3408; x_wconf 78' lang='lat'>294</span> <span class='ocrx_word' id='word_1_306' title='bbox 440 3369 464 3407; x_wconf 89' lang='lat' dir='ltr'>u.</span> <span class='ocrx_word' id='word_1_307' title='bbox 483 3351 560 3406; x_wconf 86' lang='lat' dir='ltr'>Anm.</span> <span class='ocrx_word' id='word_1_308' title='bbox 585 3352 645 3406; x_wconf 81' lang='lat' dir='ltr'>hut</span> <span class='ocrx_word' id='word_1_309' title='bbox 667 3369 697 3406; x_wconf 89' lang='lat' dir='ltr'>es</span> <span class='ocrx_word' id='word_1_310' title='bbox 721 3352 796 3406; x_wconf 88' lang='lat' dir='ltr'>nicht</span> <span class='ocrx_word' id='word_1_311' title='bbox 816 3354 859 3406; x_wconf 79' lang='lat' dir='ltr'>lt‘rr</span> <span class='ocrx_word' id='word_1_312' title='bbox 876 3351 1145 3418; x_wconf 81' lang='lat' dir='ltr'>unuuhrscheinlieh,</span> <span class='ocrx_word' id='word_1_313' title='bbox 1170 3351 1249 3418; x_wconf 86' lang='lat' dir='ltr'>„dass</span> <span class='ocrx_word' id='word_1_314' title='bbox 1267 3352 1310 3405; x_wconf 84' lang='lat' dir='ltr'>ltir</span> <span class='ocrx_word' id='word_1_315' title='bbox 1328 3351 1378 3407; x_wconf 87' lang='lat' dir='ltr'>den</span> <span class='ocrx_word' id='word_1_316' title='bbox 1396 3352 1455 3408; x_wconf 81' lang='lat' dir='ltr'>Fall</span> <span class='ocrx_word' id='word_1_317' title='bbox 1473 3354 1544 3407; x_wconf 82' lang='lat' dir='ltr'>einer</span> 
     </span>
     <span class='ocr_line' id='line_1_36' title="bbox 437 3421 1544 3492; baseline 0.001 -16"><span class='ocrx_word' id='word_1_318' title='bbox 437 3423 510 3491; x_wconf 78' lang='lat' dir='ltr'>tigen</span> <span class='ocrx_word' id='word_1_319' title='bbox 524 3424 665 3491; x_wconf 70' lang='lat' dir='ltr'>turgange</span> <span class='ocrx_word' id='word_1_320' title='bbox 683 3423 730 3477; x_wconf 86' lang='lat' dir='ltr'>des</span> <span class='ocrx_word' id='word_1_321' title='bbox 741 3423 851 3492; x_wconf 82' lang='lat' dir='ltr'>Krieges</span> <span class='ocrx_word' id='word_1_322' title='bbox 870 3423 913 3477; x_wconf 88' lang='lat' dir='ltr'>die</span> <span class='ocrx_word' id='word_1_323' title='bbox 926 3423 1095 3492; x_wconf 78' lang='lat' dir='ltr'>Zurliclrgabe</span> <span class='ocrx_word' id='word_1_324' title='bbox 1113 3423 1242 3478; x_wconf 79' lang='lat' dir='ltr'>emuelner</span> <span class='ocrx_word' id='word_1_325' title='bbox 1259 3421 1349 3476; x_wconf 77' lang='lat' dir='ltr'>irther</span> <span class='ocrx_word' id='word_1_326' title='bbox 1366 3423 1544 3492; x_wconf 82' lang='lat' dir='ltr'>griechischen</span> 
     </span>
     <span class='ocr_line' id='line_1_37' title="bbox 422 3488 1543 3564; baseline 0 -16"><span class='ocrx_word' id='word_1_327' title='bbox 422 3493 546 3562; x_wconf 84' lang='lat' dir='ltr'>itzungen</span> <span class='ocrx_word' id='word_1_328' title='bbox 572 3495 600 3547; x_wconf 94' lang='lat' dir='ltr'>in</span> <span class='ocrx_word' id='word_1_329' title='bbox 621 3488 720 3547; x_wconf 87' lang='lat' dir='ltr'>Italian</span> <span class='ocrx_word' id='word_1_330' title='bbox 748 3510 783 3548; x_wconf 87' lang='lat' dir='ltr'>an</span> <span class='ocrx_word' id='word_1_331' title='bbox 810 3493 861 3547; x_wconf 88' lang='lat' dir='ltr'>den</span> <span class='ocrx_word' id='word_1_332' title='bbox 884 3495 942 3562; x_wconf 81' lang='lat' dir='ltr'>byn.</span> <span class='ocrx_word' id='word_1_333' title='bbox 968 3493 1062 3546; x_wconf 84' lang='lat' dir='ltr'>llaiscr</span> <span class='ocrx_word' id='word_1_334' title='bbox 1086 3493 1220 3564; x_wconf 82' lang='lat' dir='ltr'>stipuliert</span> <span class='ocrx_word' id='word_1_335' title='bbox 1245 3493 1358 3548; x_wconf 82' lang='lat' dir='ltr'>wurde“.</span> <span class='ocrx_word' id='word_1_336' title='bbox 1402 3493 1543 3561; x_wconf 85' lang='lat' dir='ltr'>Kap-Herr</span> 
     </span>
    </p>

    <p class='ocr_par' dir='ltr' id='par_1_5' title="bbox 370 3563 1547 4552">
     <span class='ocr_line' id='line_1_38' title="bbox 370 3563 1544 3632; baseline -0.002 -12"><span class='ocrx_word' id='word_1_337' title='bbox 370 3583 394 3620; x_wconf 81' lang='lat' dir='ltr'>a</span> <span class='ocrx_word' id='word_1_338' title='bbox 413 3581 436 3619; x_wconf 80' lang='lat' dir='ltr'>a</span> <span class='ocrx_word' id='word_1_339' title='bbox 456 3563 487 3619; x_wconf 91' lang='lat'>0.</span> <span class='ocrx_word' id='word_1_340' title='bbox 514 3563 540 3618; x_wconf 81' lang='lat' dir='ltr'>S.</span> <span class='ocrx_word' id='word_1_341' title='bbox 559 3567 664 3619; x_wconf 83' lang='grc'><strong>32-36</strong></span> <span class='ocrx_word' id='word_1_342' title='bbox 687 3565 807 3619; x_wconf 87' lang='lat' dir='ltr'>verneiut</span> <span class='ocrx_word' id='word_1_343' title='bbox 830 3564 873 3618; x_wconf 90' lang='lat' dir='ltr'>‹lio</span> <span class='ocrx_word' id='word_1_344' title='bbox 890 3563 1064 3632; x_wconf 69' lang='lat' dir='ltr'>Migliclrlrait</span> <span class='ocrx_word' id='word_1_345' title='bbox 1086 3565 1158 3618; x_wconf 90' lang='lat' dir='ltr'>einer</span> <span class='ocrx_word' id='word_1_346' title='bbox 1182 3563 1333 3632; x_wconf 83' lang='lat' dir='ltr'>dersrtigen</span> <span class='ocrx_word' id='word_1_347' title='bbox 1358 3563 1544 3632; x_wconf 80' lang='lat' dir='ltr'>Zusiclrerong,</span> 
     </span>
     <span class='ocr_line' id='line_1_39' title="bbox 371 3634 1544 3702; baseline -0.001 -13"><span class='ocrx_word' id='word_1_348' title='bbox 371 3634 430 3690; x_wconf 80' lang='lat' dir='ltr'>hut</span> <span class='ocrx_word' id='word_1_349' title='bbox 451 3636 506 3688; x_wconf 84' lang='lat' dir='ltr'>also</span> <span class='ocrx_word' id='word_1_350' title='bbox 530 3634 572 3689; x_wconf 88' lang='lat' dir='ltr'>die</span> <span class='ocrx_word' id='word_1_351' title='bbox 589 3634 740 3689; x_wconf 84' lang='lat' dir='ltr'>Nachricht</span> <span class='ocrx_word' id='word_1_352' title='bbox 762 3636 804 3689; x_wconf 89' lang='lat' dir='ltr'>bei</span> <span class='ocrx_word' id='word_1_353' title='bbox 822 3635 967 3689; x_wconf 86' lang='lat' dir='ltr'>Kinnamos</span> <span class='ocrx_word' id='word_1_354' title='bbox 991 3635 1034 3688; x_wconf 82' lang='lat' dir='ltr'>lllr</span> <span class='ocrx_word' id='word_1_355' title='bbox 1059 3634 1184 3688; x_wconf 83' lang='lat' dir='ltr'>erlrmden</span> <span class='ocrx_word' id='word_1_356' title='bbox 1204 3653 1228 3689; x_wconf 93' lang='lat' dir='ltr'>u.</span> <span class='ocrx_word' id='word_1_357' title='bbox 1248 3651 1316 3688; x_wconf 81' lang='lat' dir='ltr'>zwar</span> <span class='ocrx_word' id='word_1_358' title='bbox 1335 3635 1544 3702; x_wconf 75' lang='lat' dir='ltr'>hauptstehlioh,</span> 
     </span>
     <span class='ocr_line' id='line_1_40' title="bbox 370 3705 1544 3774; baseline -0.002 -13"><span class='ocrx_word' id='word_1_359' title='bbox 370 3706 429 3761; x_wconf 84' lang='lat' dir='ltr'>weil</span> <span class='ocrx_word' id='word_1_360' title='bbox 440 3705 548 3760; x_wconf 87' lang='lat' dir='ltr'>Kourad</span> <span class='ocrx_word' id='word_1_361' title='bbox 565 3706 594 3759; x_wconf 92' lang='lat' dir='ltr'>in</span> <span class='ocrx_word' id='word_1_362' title='bbox 611 3721 715 3760; x_wconf 84' lang='lat' dir='ltr'>unaerm</span> <span class='ocrx_word' id='word_1_363' title='bbox 730 3705 818 3760; x_wconf 84' lang='lat' dir='ltr'>Briele</span> <span class='ocrx_word' id='word_1_364' title='bbox 836 3706 887 3760; x_wconf 87' lang='lat' dir='ltr'>den</span> <span class='ocrx_word' id='word_1_365' title='bbox 899 3705 1003 3760; x_wconf 88' lang='lat' dir='ltr'>Siculus</span> <span class='ocrx_word' id='word_1_366' title='bbox 1021 3709 1149 3774; x_wconf 84' lang='lat' dir='ltr'>tyrannus</span> <span class='ocrx_word' id='word_1_367' title='bbox 1169 3705 1208 3759; x_wconf 84' lang='lat' dir='ltr'>uls</span> <span class='ocrx_word' id='word_1_368' title='bbox 1226 3705 1302 3759; x_wconf 88' lang='lat' dir='ltr'>einen</span> <span class='ocrx_word' id='word_1_369' title='bbox 1320 3705 1424 3758; x_wconf 80' lang='lat' dir='ltr'>invasor</span> <span class='ocrx_word' id='word_1_370' title='bbox 1442 3705 1544 3773; x_wconf 90' lang='lat' dir='ltr'>imperii</span> 
     </span>
     <span class='ocr_line' id='line_1_41' title="bbox 370 3775 1543 3844; baseline -0.002 -13"><span class='ocrx_word' id='word_1_371' title='bbox 370 3778 485 3832; x_wconf 79' lang='lat' dir='ltr'>nostri</span> <span class='ocrx_word' id='word_1_372' title='bbox 508 3775 659 3830; x_wconf 80' lang='lat' dir='ltr'>bezeichnet</span> <span class='ocrx_word' id='word_1_373' title='bbox 682 3794 708 3832; x_wconf 86' lang='lat' dir='ltr'>u</span> <span class='ocrx_word' id='word_1_374' title='bbox 727 3777 786 3831; x_wconf 82' lang='lat' dir='ltr'>weil</span> <span class='ocrx_word' id='word_1_375' title='bbox 805 3777 847 3832; x_wconf 88' lang='lat' dir='ltr'>die</span> <span class='ocrx_word' id='word_1_376' title='bbox 865 3776 1014 3831; x_wconf 87' lang='lat' dir='ltr'>Nachricht</span> <span class='ocrx_word' id='word_1_377' title='bbox 1030 3775 1059 3830; x_wconf 91' lang='lat' dir='ltr'>in</span> <span class='ocrx_word' id='word_1_378' title='bbox 1077 3775 1119 3830; x_wconf 88' lang='lat' dir='ltr'>dis</span> <span class='ocrx_word' id='word_1_379' title='bbox 1139 3775 1325 3843; x_wconf 70' lang='lat' dir='ltr'>„verdlohtigc</span> <span class='ocrx_word' id='word_1_380' title='bbox 1343 3775 1495 3844; x_wconf 79' lang='lat' dir='ltr'>Beziehung</span> <span class='ocrx_word' id='word_1_381' title='bbox 1512 3793 1543 3829; x_wconf 86' lang='lat' dir='ltr'>zu</span> 
     </span>
     <span class='ocr_line' id='line_1_42' title="bbox 370 3845 1544 3917; baseline -0.002 -15"><span class='ocrx_word' id='word_1_382' title='bbox 370 3847 571 3916; x_wconf 65' lang='lat' dir='ltr'>einerMitgiffl‘</span> <span class='ocrx_word' id='word_1_383' title='bbox 592 3847 637 3900; x_wconf 87' lang='lat' dir='ltr'>der</span> <span class='ocrx_word' id='word_1_384' title='bbox 648 3847 724 3902; x_wconf 85' lang='lat' dir='ltr'>Irene</span> <span class='ocrx_word' id='word_1_385' title='bbox 742 3848 870 3917; x_wconf 77' lang='lat' dir='ltr'>gebracht</span> <span class='ocrx_word' id='word_1_386' title='bbox 887 3849 931 3902; x_wconf 84' lang='lat' dir='ltr'>ist</span> <span class='ocrx_word' id='word_1_387' title='bbox 963 3846 1109 3900; x_wconf 84' lang='lat' dir='ltr'>Bemhsrdi</span> <span class='ocrx_word' id='word_1_388' title='bbox 1128 3863 1151 3902; x_wconf 83' lang='lat' dir='ltr'>a.</span> <span class='ocrx_word' id='word_1_389' title='bbox 1172 3863 1195 3902; x_wconf 70' lang='lat' dir='ltr'>a</span> <span class='ocrx_word' id='word_1_390' title='bbox 1215 3845 1246 3901; x_wconf 91' lang='lat'>0.</span> <span class='ocrx_word' id='word_1_391' title='bbox 1265 3845 1291 3902; x_wconf 85' lang='lat' dir='ltr'>S.</span> <span class='ocrx_word' id='word_1_392' title='bbox 1305 3851 1357 3900; x_wconf 75' lang='grc'>682</span> <span class='ocrx_word' id='word_1_393' title='bbox 1376 3847 1483 3900; x_wconf 86' lang='lat' dir='ltr'>vertritt</span> <span class='ocrx_word' id='word_1_394' title='bbox 1501 3847 1544 3900; x_wconf 92' lang='lat' dir='ltr'>die</span> 
     </span>
     <span class='ocr_line' id='line_1_43' title="bbox 371 3916 1543 3988; baseline -0.001 -16"><span class='ocrx_word' id='word_1_395' title='bbox 371 3919 475 3972; x_wconf 82' lang='lat' dir='ltr'>lrllliere</span> <span class='ocrx_word' id='word_1_396' title='bbox 486 3916 601 3971; x_wconf 85' lang='lat' dir='ltr'>Ansicht</span> <span class='ocrx_word' id='word_1_397' title='bbox 616 3920 767 3988; x_wconf 84' lang='lat' dir='ltr'>gcgentlher</span> <span class='ocrx_word' id='word_1_398' title='bbox 784 3919 931 3986; x_wconf 84' lang='lat' dir='ltr'>Kap-Herr.</span> <span class='ocrx_word' id='word_1_399' title='bbox 961 3917 1023 3971; x_wconf 70' lang='lat' dir='ltr'>Unel</span> <span class='ocrx_word' id='word_1_400' title='bbox 1041 3918 1068 3971; x_wconf 96' lang='lat' dir='ltr'>in</span> <span class='ocrx_word' id='word_1_401' title='bbox 1088 3917 1133 3971; x_wconf 90' lang='lat' dir='ltr'>der</span> <span class='ocrx_word' id='word_1_402' title='bbox 1151 3917 1222 3970; x_wconf 85' lang='lat' dir='ltr'>That</span> <span class='ocrx_word' id='word_1_403' title='bbox 1240 3918 1337 3971; x_wconf 85' lang='lat' dir='ltr'>konnte</span> <span class='ocrx_word' id='word_1_404' title='bbox 1349 3916 1457 3972; x_wconf 88' lang='lat' dir='ltr'>Konrad</span> <span class='ocrx_word' id='word_1_405' title='bbox 1475 3921 1543 3971; x_wconf 85' lang='lat' dir='ltr'>trota</span> 
     </span>
     <span class='ocr_line' id='line_1_44' title="bbox 371 3986 1545 4070; baseline -0.003 -26"><span class='ocrx_word' id='word_1_406' title='bbox 371 3990 418 4044; x_wconf 89' lang='lat' dir='ltr'>der</span> <span class='ocrx_word' id='word_1_407' title='bbox 436 3987 614 4070; x_wconf 71' lang='lat' dir='ltr'>Zusichsrung</span> <span class='ocrx_word' id='word_1_408' title='bbox 637 3990 709 4042; x_wconf 89' lang='lat' dir='ltr'>einer</span> <span class='ocrx_word' id='word_1_409' title='bbox 726 3989 973 4056; x_wconf 74' lang='lat' dir='ltr'>Lauderabtrotuug</span> <span class='ocrx_word' id='word_1_410' title='bbox 997 3986 1047 4042; x_wconf 84' lang='lat' dir='ltr'>dan</span> <span class='ocrx_word' id='word_1_411' title='bbox 1065 3987 1153 4054; x_wconf 71' lang='lat' dir='ltr'>Konig</span> <span class='ocrx_word' id='word_1_412' title='bbox 1170 3987 1258 4056; x_wconf 86' lang='lat' dir='ltr'>Roger</span> <span class='ocrx_word' id='word_1_413' title='bbox 1281 3987 1320 4041; x_wconf 84' lang='lat' dir='ltr'>als</span> <span class='ocrx_word' id='word_1_414' title='bbox 1347 3988 1422 4042; x_wconf 88' lang='lat' dir='ltr'>einen</span> <span class='ocrx_word' id='word_1_415' title='bbox 1441 3988 1545 4042; x_wconf 84' lang='lat' dir='ltr'>invasor</span> 
     </span>
     <span class='ocr_line' id='line_1_45' title="bbox 371 4057 1545 4130; baseline -0.003 -16"><span class='ocrx_word' id='word_1_416' title='bbox 371 4060 473 4130; x_wconf 88' lang='lat' dir='ltr'>imperii</span> <span class='ocrx_word' id='word_1_417' title='bbox 491 4062 607 4113; x_wconf 85' lang='lat' dir='ltr'>nostri</span> <span class='ocrx_word' id='word_1_418' title='bbox 624 4059 789 4126; x_wconf 83' lang='lat' dir='ltr'>bezeichnen,</span> <span class='ocrx_word' id='word_1_419' title='bbox 808 4059 866 4113; x_wconf 85' lang='lat' dir='ltr'>weil</span> <span class='ocrx_word' id='word_1_420' title='bbox 884 4075 914 4112; x_wconf 87' lang='lat' dir='ltr'>er</span> <span class='ocrx_word' id='word_1_421' title='bbox 931 4058 996 4112; x_wconf 88' lang='lat' dir='ltr'>eben</span> <span class='ocrx_word' id='word_1_422' title='bbox 1014 4075 1048 4112; x_wconf 89' lang='lat' dir='ltr'>an</span> <span class='ocrx_word' id='word_1_423' title='bbox 1066 4057 1113 4112; x_wconf 86' lang='lat' dir='ltr'>der</span> <span class='ocrx_word' id='word_1_424' title='bbox 1132 4058 1336 4128; x_wconf 77' lang='lat' dir='ltr'>Zugehlirigkeit</span> <span class='ocrx_word' id='word_1_425' title='bbox 1353 4057 1545 4112; x_wconf 84' lang='lat' dir='ltr'>Unteritaliens</span> 
     </span>
     <span class='ocr_line' id='line_1_46' title="bbox 371 4129 1545 4198; baseline -0.003 -13"><span class='ocrx_word' id='word_1_426' title='bbox 371 4149 430 4185; x_wconf 81' lang='lat' dir='ltr'>aum</span> <span class='ocrx_word' id='word_1_427' title='bbox 454 4129 665 4184; x_wconf 78' lang='lat' dir='ltr'>westrtmischen</span> <span class='ocrx_word' id='word_1_428' title='bbox 683 4130 781 4184; x_wconf 86' lang='lat' dir='ltr'>Reiche</span> <span class='ocrx_word' id='word_1_429' title='bbox 805 4130 842 4184; x_wconf 90' lang='lat' dir='ltr'>im</span> <span class='ocrx_word' id='word_1_430' title='bbox 859 4130 966 4197; x_wconf 86' lang='lat' dir='ltr'>Princip</span> <span class='ocrx_word' id='word_1_431' title='bbox 990 4131 1057 4184; x_wconf 82' lang='lat' dir='ltr'>stets</span> <span class='ocrx_word' id='word_1_432' title='bbox 1082 4129 1256 4198; x_wconf 75' lang='lat' dir='ltr'>festgehalten</span> <span class='ocrx_word' id='word_1_433' title='bbox 1275 4129 1332 4186; x_wconf 84' lang='lat' dir='ltr'>hat.</span> <span class='ocrx_word' id='word_1_434' title='bbox 1368 4129 1453 4184; x_wconf 88' lang='lat' dir='ltr'>Wenn</span> <span class='ocrx_word' id='word_1_435' title='bbox 1472 4147 1499 4183; x_wconf 91' lang='lat' dir='ltr'>er</span> <span class='ocrx_word' id='word_1_436' title='bbox 1517 4129 1545 4182; x_wconf 90' lang='lat' dir='ltr'>in</span> 
     </span>
     <span class='ocr_line' id='line_1_47' title="bbox 371 4199 1545 4268; baseline -0.003 -12"><span class='ocrx_word' id='word_1_437' title='bbox 371 4203 428 4256; x_wconf 91' lang='lat' dir='ltr'>eine</span> <span class='ocrx_word' id='word_1_438' title='bbox 440 4200 565 4255; x_wconf 83' lang='lat' dir='ltr'>tsilweise</span> <span class='ocrx_word' id='word_1_439' title='bbox 577 4199 728 4266; x_wconf 71' lang='lat' dir='ltr'>Abtretrng</span> <span class='ocrx_word' id='word_1_440' title='bbox 739 4201 929 4255; x_wconf 86' lang='lat' dir='ltr'>Unteritaliens</span> <span class='ocrx_word' id='word_1_441' title='bbox 949 4199 1066 4268; x_wconf 83' lang='lat' dir='ltr'>willigte,</span> <span class='ocrx_word' id='word_1_442' title='bbox 1086 4217 1114 4253; x_wconf 87' lang='lat' dir='ltr'>so</span> <span class='ocrx_word' id='word_1_443' title='bbox 1128 4201 1224 4254; x_wconf 85' lang='lat' dir='ltr'>kounte</span> <span class='ocrx_word' id='word_1_444' title='bbox 1236 4218 1265 4254; x_wconf 89' lang='lat' dir='ltr'>er</span> <span class='ocrx_word' id='word_1_445' title='bbox 1276 4217 1326 4256; x_wconf 88' lang='lat' dir='ltr'>von</span> <span class='ocrx_word' id='word_1_446' title='bbox 1339 4201 1437 4254; x_wconf 88' lang='lat' dir='ltr'>eeinem</span> <span class='ocrx_word' id='word_1_447' title='bbox 1449 4200 1545 4254; x_wconf 84' lang='lat' dir='ltr'>Stnud-</span> 
     </span>
     <span class='ocr_line' id='line_1_48' title="bbox 371 4269 1545 4341; baseline -0.002 -15"><span class='ocrx_word' id='word_1_448' title='bbox 371 4273 470 4341; x_wconf 80' lang='lat' dir='ltr'>punlrta</span> <span class='ocrx_word' id='word_1_449' title='bbox 488 4288 536 4326; x_wconf 87' lang='lat' dir='ltr'>aus</span> <span class='ocrx_word' id='word_1_450' title='bbox 555 4271 621 4338; x_wconf 77' lang='lat' dir='ltr'>rvgl.</span> <span class='ocrx_word' id='word_1_451' title='bbox 633 4287 672 4326; x_wconf 94' lang='lat' dir='ltr'>nr.</span> <span class='ocrx_word' id='word_1_452' title='bbox 683 4271 737 4325; x_wconf 84' lang='lat' dir='ltr'>XII</span> <span class='ocrx_word' id='word_1_453' title='bbox 754 4289 779 4326; x_wconf 88' lang='lat' dir='ltr'>n.</span> <span class='ocrx_word' id='word_1_454' title='bbox 800 4271 868 4326; x_wconf 84' lang='lat' dir='ltr'><strong>XIII</strong></span> <span class='ocrx_word' id='word_1_455' title='bbox 888 4271 987 4324; x_wconf 90' lang='lat' dir='ltr'>meiner</span> <span class='ocrx_word' id='word_1_456' title='bbox 999 4269 1166 4340; x_wconf 81' lang='lat' dir='ltr'>Sammlungl</span> <span class='ocrx_word' id='word_1_457' title='bbox 1185 4271 1243 4326; x_wconf 88' lang='lat' dir='ltr'>eine</span> <span class='ocrx_word' id='word_1_458' title='bbox 1260 4271 1348 4326; x_wconf 80' lang='lat' dir='ltr'>eolalie</span> <span class='ocrx_word' id='word_1_459' title='bbox 1360 4271 1545 4326; x_wconf 85' lang='lat' dir='ltr'>nimmemrehr</span> 
     </span>
     <span class='ocr_line' id='line_1_49' title="bbox 372 4341 1547 4412; baseline -0.001 -16"><span class='ocrx_word' id='word_1_460' title='bbox 372 4343 528 4412; x_wconf 85' lang='lat' dir='ltr'>zugeetshen</span> <span class='ocrx_word' id='word_1_461' title='bbox 542 4341 589 4395; x_wconf 83' lang='lat' dir='ltr'>auf</span> <span class='ocrx_word' id='word_1_462' title='bbox 599 4341 691 4396; x_wconf 82' lang='lat' dir='ltr'>Grunu</span> <span class='ocrx_word' id='word_1_463' title='bbox 709 4342 776 4396; x_wconf 77' lang='lat' dir='ltr'>altar</span> <span class='ocrx_word' id='word_1_464' title='bbox 787 4341 942 4410; x_wconf 80' lang='lat' dir='ltr'>Ansprliclne</span> <span class='ocrx_word' id='word_1_465' title='bbox 961 4341 1007 4395; x_wconf 85' lang='lat' dir='ltr'>(les</span> <span class='ocrx_word' id='word_1_466' title='bbox 1025 4341 1241 4410; x_wconf 82' lang='lat' dir='ltr'>byzantinisclian</span> <span class='ocrx_word' id='word_1_467' title='bbox 1252 4342 1371 4396; x_wconf 81' lang='lat' dir='ltr'>Beiohee.</span> <span class='ocrx_word' id='word_1_468' title='bbox 1401 4342 1464 4396; x_wconf 87' lang='lat' dir='ltr'>Man</span> <span class='ocrx_word' id='word_1_469' title='bbox 1483 4342 1547 4411; x_wconf 78' lang='lat' dir='ltr'>grili</span> 
     </span>
     <span class='ocr_line' id='line_1_50' title="bbox 371 4411 1543 4481; baseline -0.001 -14"><span class='ocrx_word' id='word_1_470' title='bbox 371 4415 426 4467; x_wconf 81' lang='lat' dir='ltr'>also</span> <span class='ocrx_word' id='word_1_471' title='bbox 446 4430 478 4466; x_wconf 86' lang='lat' dir='ltr'>au</span> <span class='ocrx_word' id='word_1_472' title='bbox 490 4413 575 4466; x_wconf 88' lang='lat' dir='ltr'>einem</span> <span class='ocrx_word' id='word_1_473' title='bbox 586 4413 614 4466; x_wconf 92' lang='lat' dir='ltr'>in</span> <span class='ocrx_word' id='word_1_474' title='bbox 626 4413 696 4468; x_wconf 85' lang='lat' dir='ltr'>allen</span> <span class='ocrx_word' id='word_1_475' title='bbox 708 4413 798 4466; x_wconf 87' lang='lat' dir='ltr'>Zeiteu</span> <span class='ocrx_word' id='word_1_476' title='bbox 810 4412 932 4467; x_wconf 80' lang='lat' dir='ltr'>ubliehen</span> <span class='ocrx_word' id='word_1_477' title='bbox 944 4412 1193 4478; x_wconf 83' lang='lat' dir='ltr'>Auslrunltsmittel;</span> <span class='ocrx_word' id='word_1_478' title='bbox 1213 4429 1266 4466; x_wconf 84' lang='lat' dir='ltr'>was</span> <span class='ocrx_word' id='word_1_479' title='bbox 1277 4413 1380 4481; x_wconf 70' lang='lat' dir='ltr'>Byzana</span> <span class='ocrx_word' id='word_1_480' title='bbox 1393 4413 1441 4466; x_wconf 83' lang='lat' dir='ltr'>aul</span> <span class='ocrx_word' id='word_1_481' title='bbox 1451 4411 1543 4467; x_wconf 85' lang='lat' dir='ltr'>Gruml</span> 
     </span>
     <span class='ocr_line' id='line_1_51' title="bbox 370 4482 1541 4552; baseline -0.002 -14"><span class='ocrx_word' id='word_1_482' title='bbox 370 4484 437 4539; x_wconf 89' lang='lat' dir='ltr'>alter</span> <span class='ocrx_word' id='word_1_483' title='bbox 460 4482 616 4552; x_wconf 80' lang='lat' dir='ltr'>Ansprliehe</span> <span class='ocrx_word' id='word_1_484' title='bbox 639 4484 767 4550; x_wconf 81' lang='lat' dir='ltr'>forderta,</span> <span class='ocrx_word' id='word_1_485' title='bbox 792 4483 933 4552; x_wconf 84' lang='lat' dir='ltr'>versprach</span> <span class='ocrx_word' id='word_1_486' title='bbox 957 4482 1066 4538; x_wconf 86' lang='lat' dir='ltr'>Konrad</span> <span class='ocrx_word' id='word_1_487' title='bbox 1088 4484 1239 4538; x_wconf 86' lang='lat' dir='ltr'>abzutreten</span> <span class='ocrx_word' id='word_1_488' title='bbox 1264 4485 1304 4538; x_wconf 85' lang='lat' dir='ltr'>ale</span> <span class='ocrx_word' id='word_1_489' title='bbox 1326 4483 1431 4552; x_wconf 76' lang='lat' dir='ltr'>Mltgilt</span> <span class='ocrx_word' id='word_1_490' title='bbox 1457 4483 1541 4538; x_wconf 81' lang='lat' dir='ltr'>seiner</span> 
     </span>
    </p>
   </div>
   <div class='ocr_carea' id='block_1_4' title="bbox 0 0 1817 5284">
    <p class='ocr_par' dir='ltr' id='par_1_6' title="bbox 0 0 1817 5284">
     <span class='ocr_line' id='line_1_52' title="bbox 0 0 1817 5284; baseline 0 0"><span class='ocrx_word' id='word_1_491' title='bbox 0 0 1817 5284; x_wconf 95' lang='lat' dir='ltr'> </span> 
     </span>
    </p>
   </div>
  </div>
 </body>
</html>
