3617 5284
369 464 412 530 20

371 642 498 713 terram,
522 636 581 700 erit
604 636 741 700 solutum
764 638 796 698 et
818 636 850 698 in
872 635 991 699 caelis.“
1044 635 1083 698 ln
1104 635 1193 699 cuius
1222 634 1296 698 sede
1324 637 1356 697 et
1383 632 1550 716 apostolica

372 722 640 786 administratione
674 722 750 785 dum
790 741 846 785 nos
881 722 1124 802 qualescumque
1157 724 1333 804 peccatores
1367 722 1398 782 et
1431 718 1550 800 indigni

371 808 475 872 divina
498 807 697 891 dispositione
720 807 817 871 vicem
842 825 917 871 suae
938 807 1102 890 potestatis
1124 807 1269 887 gerimus
1292 804 1435 888 profecto,
1464 805 1551 885 quic-

374 893 448 975 quid
473 893 510 957 ad
534 913 591 958 nos
614 894 663 957 vel
685 893 866 977 perscripta
888 897 944 956 aut
964 893 1057 956 nudis
1072 893 1173 956 verbis
1195 893 1324 966 miseris,
1345 891 1411 974 ipse
1433 890 1551 973 recipit.

371 981 412 1043 llt
434 979 509 1043 dum
524 999 581 1044 111
597 983 653 1043 111
668 979 846 1042 alcmenae
863 978 1073 1062 percurrimus
1090 980 1145 1041 aut
1162 978 1357 1060 loquentium
1372 995 1462 1040 voees
1480 994 1551 1039 ans-

372 1067 539 1141 cultamus,
561 1066 636 1148 ipse,
660 1085 696 1130 ex
719 1084 780 1146 quo
803 1065 893 1128 corde
915 1065 1065 1128 mandata
1087 1064 1264 1146 prodierint
1297 1063 1403 1127 subtili
1431 1062 1551 1145 inspec

371 1153 454 1214 tione
478 1151 632 1216 discernit.
687 1150 883 1234 Quapropter
912 1150 1136 1233 providendum
1159 1152 1241 1214 esset
1262 1151 1335 1213 tuae
1358 1147 1551 1211 eelsitudini:

372 1257 411 1300 ue
435 1256 509 1318 erga
532 1237 637 1300 sedem
661 1237 860 1319 apostolicam
888 1237 921 1299 in
943 1237 1044 1300 verbis
1071 1239 1103 1298 et
1132 1235 1339 1317 legationibus
1360 1234 1424 1297 tuis
1447 1233 1552 1315 aliqua

371 1323 563 1386 inveniretur
586 1322 791 1404 discrepantia
814 1322 999 1395 voluntatis;
1023 1326 1055 1384 11
1076 1322 1108 1384 11
1129 1321 1188 1397 his,
1209 1339 1265 1403 per
1287 1339 1367 1407 quae
1382 1320 1552 1384 christiana

372 1409 449 1472 fides
474 1412 505 1471 et
528 1411 630 1472 status
660 1408 805 1472 eeclesiae
836 1408 873 1471 ad
901 1411 1060 1471 aeternam
1094 1407 1228 1470 salutem
1261 1406 1395 1469 maxime
1424 1403 1551 1487 proficit

373 1514 434 1558 non
471 1494 559 1557 nobis
606 1494 658 1558 sed
687 1493 752 1557 Deo
782 1494 985 1577 omnipotenti
1014 1492 1151 1556 debitam
1180 1512 1242 1556 non
1271 1491 1440 1572 denegares
1466 1509 1552 1554 reve-

373 1580 523 1652 rentiam
558 1598 751 1660 quamquam
781 1579 927 1662 apostolis
956 1597 1125 1659 eorumque
1148 1578 1378 1642 suecessoribus
1399 1577 1552 1640 Dominus

374 1666 473 1730 dicere
497 1665 643 1746 dignatus
668 1665 724 1728 sit:
748 1665 825 1744 „Qui
842 1685 896 1729 vos
919 1665 1014 1739 audit
1036 1684 1086 1727 me
1110 1663 1205 1740 eradit
1229 1668 1260 1726 11
1282 1663 1336 1745 qui
1356 1683 1410 1726 vos
1426 1661 1553 1744 spernit

369 1771 423 1815 me
446 1751 589 1833 spernit.“
644 1751 766 1815 Scimus
789 1752 878 1826 eninr,
902 1751 1058 1831 quoniam,
1081 1749 1135 1830 qui
1157 1749 1281 1813 fidelem
1303 1749 1368 1812 Deo
1391 1747 1554 1812 oboedien-

374 1837 450 1900 tiam
474 1837 622 1914 exhiberq
637 1857 698 1900 non
715 1837 848 1912 rennuit
871 1837 901 1899 in
917 1837 975 1912 his,
998 1854 1078 1916 quae
1098 1839 1278 1899 sanctorum
1291 1838 1418 1917 patnrm
1433 1837 1554 1897 statuta

374 1925 540 2004 sequentes
563 1922 739 1998 dixerimus,
774 1923 869 1986 veluti
893 1923 920 1986 si
942 1924 981 1985 ab
1011 1940 1063 1986 ore
1090 1921 1187 2004 ipsius
1215 1920 1345 2003 apostoli
1375 1919 1552 2002 accepisset

375 2012 481 2073 nostra
503 2009 622 2072 monita
644 2027 765 2072 servare
789 2027 850 2072 non
873 2009 999 2091 speruit
1031 2007 1122 2083 Nam,
1152 2007 1179 2070 si
1200 2009 1325 2090 propter
1348 2006 1554 2070 reverentiam

376 2094 522 2158 cathedre
534 2093 634 2176 Moysi
651 2094 803 2158 Dominus
818 2094 975 2178 praecepit
990 2093 1146 2176 apostolis,
1168 2095 1204 2156 ut
1220 2110 1423 2173 quaecunque
1436 2091 1554 2154 scribae

376 2184 407 2243 et
429 2179 546 2243 llarisei
568 2199 661 2262 super
684 2199 753 2244 eam
776 2180 919 2244 sedentes
941 2179 1078 2243 dicerent
1100 2178 1308 2253 observarent,
1340 2196 1402 2241 non
1424 2177 1554 2242 dubium

376 2269 432 2341 est
456 2265 529 2346 quin
554 2266 722 2347 apostolica
744 2269 775 2330 et
798 2266 978 2347 euangelica
1000 2265 1146 2342 doctrina,
1170 2264 1258 2328 cuius
1281 2263 1370 2327 sedes
1392 2266 1424 2326 et
1445 2262 1556 2325 funda-

377 2354 521 2415 mentum
544 2350 686 2415 Christus
710 2354 766 2428 est,
788 2371 859 2414 curn
882 2352 967 2414 omni
989 2352 1186 2414 veneratione
1214 2369 1232 2412 a
1254 2349 1396 2413 fidelibus
1417 2368 1473 2432 per
1494 2367 1554 2419 ecs,

377 2437 430 2518 qui
454 2437 492 2584 ipl
522 2436 731 2500 ministerium
767 2437 1004 2519 praedicationis
1037 2437 1127 2500 electi
1159 2439 1249 2512 sunt,
1297 2434 1494 2517 suscipienda
1523 2436 1555 2496 et

377 2527 470 2587 tenen
493 2541 512 2584 a
534 2522 582 2585 sit.

463 2625 657 2706 Congregata
689 2644 813 2707 nanque
847 2626 906 2690 hoc
933 2625 965 2688 in
995 2644 1075 2688 anno
1104 2625 1186 2709 apud
1214 2625 1321 2688 sedem
1355 2623 1555 2708 apostolicam

378 2712 495 2794 synodo
529 2747 569 2756 -
603 2711 651 2774 cui
681 2730 737 2775 nos
773 2731 908 2795 superna
942 2709 1130 2793 dispensatio
1160 2711 1336 2793 praesidere
1365 2711 1471 2783 voluit
1504 2708 1554 2773 eui

377 2798 472 2860 etiam
500 2796 640 2860 nonnulli
669 2801 797 2860 tucrum
825 2797 994 2861 1111111111
1024 2796 1162 2860 fidelium
1189 2834 1231 2842 —
1253 2797 1393 2860 videntes
1415 2795 1554 2860 ordinem

377 2883 563 2947 christianae
597 2883 752 2962 religionis
786 2883 894 2946 multis
927 2883 991 2946 iam
1021 2881 1243 2946 labefactatum
1281 2883 1486 2964 temporibus,
1523 2883 1555 2944 et

376 2968 561 3052 principales
585 2987 620 3030 ac
643 2970 780 3050 proprias
810 2969 1031 3033 lucrandarum
1058 2967 1233 3031 animarum
1263 2987 1373 3032 111111
1401 2968 1455 3030 diu
1485 2987 1555 3050 pro

377 3055 482 3136 lapsas
505 3057 536 3117 et
558 3054 707 3116 suadente
723 3055 843 3119 diabolo
859 3055 1063 3131 conculcatas,
1084 3054 1224 3118 concussi
1247 3055 1382 3136 periculo
1402 3057 1434 3117 11
1456 3054 1555 3117 mani-

379 3141 459 3204 festa
490 3139 661 3222 perditione
695 3139 839 3205 dominici
868 3141 979 3222 gregis,
1013 3140 1051 3203 ad
1074 3143 1252 3204 sanctorum
1274 3143 1400 3222 patrum
1432 3140 1556 3202 decreta

380 3225 614 3304 doctrinamque
636 3227 840 3300 recurrimus;
875 3226 970 3289 nichil
991 3225 1070 3298 novi,
1090 3225 1188 3290 nichil
1210 3225 1427 3290 adinventione
1449 3228 1557 3289 nostra

379 3314 570 3381 statuentes;
586 3310 640 3374 sed
652 3312 785 3393 primam
799 3316 830 3376 et
843 3313 967 3376 unicam
979 3311 1205 3375 ecclesiasticae
1220 3310 1400 3394 disciplinae
1415 3312 1557 3393 regulam

381 3397 542 3460 attritam
565 3399 743 3462 sanctorum
760 3399 844 3461 viam
866 3398 973 3461 relicto
996 3415 1096 3462 errore
1118 3397 1319 3480 repetendam
1334 3400 1366 3461 et
1377 3397 1557 3461 sectandam

381 3501 447 3546 esse
463 3482 649 3546 censuimus.
678 3483 788 3565 Neque
805 3485 887 3548 11111
911 3484 1008 3546 alium
1018 3485 1142 3546 nostrae
1154 3483 1265 3545 1111111
1277 3488 1309 3546 et
1320 3487 1464 3548 aeternae
1475 3483 1556 3546 vitae

381 3569 544 3631 introitum
562 3567 679 3631 Christi
702 3571 808 3634 ovibus
832 3589 1001 3650 eorumque
1016 3568 1191 3651 pastoribus
1213 3572 1320 3650 patere
1335 3569 1556 3650 cognoscimus,

380 3655 440 3717 nisi
455 3672 557 3733 quem,
581 3655 699 3736 abipso
723 3659 934 3720 monstratum
956 3655 1010 3736 qui
1032 3653 1123 3717 dixit:
1147 3655 1229 3734 „Ego
1252 3673 1323 3718 sum
1346 3655 1476 3726 ostium;
1503 3674 1558 3737 per

380 3759 430 3802 111
453 3739 478 3802 11
502 3739 572 3820 quis
592 3739 752 3818 introierit,
775 3741 946 3806 salvabitur
963 3743 995 3803 ct
1016 3759 1131 3822 pasena
1152 3740 1313 3816 inveniet“‚
1325 3746 1369 3805 et
1383 3742 1421 3804 ab
1437 3745 1559 3824 aposto-

382 3825 420 3887 lis
443 3824 664 3906 praedicatum,
687 3832 719 3890 et
741 3847 759 3890 a
781 3828 897 3891 sanctis
919 3826 1059 3908 patribus
1082 3826 1288 3902 observatum,
1321 3828 1353 3890 in
1380 3825 1559 3907 euangelica

383 3913 415 3973 et
437 3907 467 3972 iii
502 3909 585 3974 omni
614 3911 789 3976 divinarum
823 3913 1048 3995 scripturarum
1079 3911 1193 3993 pagina
1226 3912 1397 3976 didicimus.
1455 3912 1558 3974 Huius

383 3998 515 4059 autema
528 3995 641 4059 decreti
655 4036 697 4044 —
710 3999 791 4080 quod
810 3998 939 4080 quidam
958 3997 1074 4071 dicunt
1096 3995 1249 4061 humanos
1265 3998 1377 4062 divinis
1391 3997 1558 4062 honoribus

383 4082 623 4165 praeponentes
656 4084 850 4166 importabile
884 4083 1006 4167 pondus
1040 4084 1071 4144 et
1103 4081 1289 4148 immensam
1322 4083 1558 4166 gravitudinem,

381 4187 437 4230 nos
461 4168 567 4229 autem
590 4170 690 4251 magis
715 4171 837 4254 proprio
860 4169 1025 4233 vocabulo:
1059 4170 1287 4250 recuperandae
1316 4169 1426 4233 salutis
1454 4187 1560 4232 neees-

470 4300 496 4404 a)
515 4299 692 4404 lluebstaben,
711 4339 859 4393 Sehreiben.
893 4340 921 4406 b)
931 4338 1076 4403 EinWort,
1093 4339 1142 4392 wie
1154 4339 1337 4392 auctoritatem
1352 4338 1415 4391 oder
1425 4339 1558 4408 paginam,

381 4409 485 4462 scheint
510 4410 568 4462 hier
586 4409 745 4477 ausgeiallen
765 4426 794 4462 zu
814 4409 878 4463 sein.
