3617 5284
383 557 425 626 36

383 734 507 798 omnino
530 731 746 808 detestamini;
768 737 804 798 nt
826 730 938 799 fratres
965 731 1027 799 mei
1048 729 1161 798 melius
1182 727 1277 797 michi
1298 727 1508 813 adquiescant,
1530 732 1562 795 et

383 819 483 884 sciant
504 823 535 884 et
556 821 749 904 intelligant:
774 821 847 901 quia
870 841 907 885 er
928 823 1032 884 vestra
1045 820 1158 884 fiducia
1179 820 1250 902 post
1264 818 1367 881 Deum
1382 823 1413 881 et
1428 821 1561 882 matrem

383 907 449 970 eius
483 924 606 989 semper
637 906 788 988 virginem
810 907 943 971 Mariam
972 907 1075 990 pravis
1109 908 1141 969 et
1162 904 1276 986 iniquis
1298 903 1416 979 resisto,
1449 904 1561 968 restris

383 995 489 1056 autem
510 991 653 1056 fidelibus
686 993 835 1056 auxilium
867 995 999 1075 praesto.
1053 992 1117 1055 Vos
1148 991 1230 1054 enim
1259 989 1362 1052 scitis:
1397 990 1471 1071 quia
1498 1009 1559 1054 000

382 1079 513 1143 libenter
536 1079 575 1142 ad
597 1097 721 1142 sacrum
743 1077 881 1142 ordinem
905 1079 1036 1152 accessi;
1060 1080 1092 1140 et
1113 1077 1227 1140 inritus
1247 1077 1466 1139 ultramontes
1488 1096 1560 1139 cum

382 1163 505 1228 domino
527 1183 607 1246 papa
630 1163 778 1245 Gregorio
801 1164 869 1240 abii,
903 1163 958 1227 sed
986 1163 1087 1245 magis
1112 1162 1229 1226 inritus
1252 1180 1323 1224 cnm
1346 1160 1469 1226 domino
1491 1181 1560 1228 meo

381 1267 461 1332 papa
487 1249 589 1314 Leone
623 1250 662 1313 ad
693 1252 829 1314 vestram
859 1250 1025 1332 specialem
1058 1248 1218 1312 ecclesiam
1250 1246 1335 1322 redii,
1367 1246 1398 1309 in
1427 1266 1489 1329 qua
1511 1251 1561 1310 ut-

382 1353 505 1415 cunque
527 1335 612 1398 vobis
635 1335 800 1406 deserviri;
834 1335 945 1398 deinde
972 1335 1063 1398 ualde
1090 1335 1206 1397 invitus
1233 1352 1305 1396 cum
1330 1333 1430 1397 multo
1458 1333 1560 1396 dolore

382 1423 414 1483 et
436 1420 556 1501 gemitu
579 1439 614 1484 ac
635 1422 762 1503 planctu
783 1422 815 1484 in
839 1421 1073 1485 thron0·vestro
1095 1419 1184 1483 valde
1205 1419 1352 1500 indignus
1377 1438 1447 1482 sum
1469 1420 1561 1482 collo·

382 1508 478 1569 catus.
523 1504 590 1569 Hac
611 1506 680 1570 ideo
702 1506 777 1583 dico,
800 1507 957 1588 quianon
980 1525 1036 1588 ego
1058 1525 1120 1582 vos,
1146 1504 1200 1568 sed
1222 1523 1276 1568 ros
1299 1505 1435 1585 elegistis
1457 1524 1507 1568 me
1530 1507 1561 1567 et

382 1591 602 1671 gravissimum
624 1591 744 1674 pondus
771 1596 892 1656 restrae
927 1593 1072 1657 ecclesiae
1104 1609 1200 1674 supra
1230 1609 1281 1653 me
1307 1590 1461 1672 posuistis.
1519 1591 1561 1652 Et

382 1677 457 1758 quia
479 1695 572 1759 super
594 1681 733 1742 montem
762 1681 918 1742 excelsum
947 1697 998 1742 me
1020 1677 1154 1742 iussistis
1177 1674 1342 1740 ascendere
1369 1679 1400 1739 et
1426 1677 1560 1740 clamare

382 1766 476 1844 atque
500 1763 686 1826 annunciare
708 1763 821 1847 populo
836 1764 894 1826 Dei
917 1764 1034 1827 scelera
1056 1783 1163 1828 eornm
1177 1765 1209 1825 et
1229 1761 1301 1825 filiis
1324 1761 1469 1826 eeclesiae
1490 1781 1560 1845 pec-

381 1851 451 1912 cata
474 1867 588 1925 eorum,
621 1847 762 1912 niembra
788 1849 901 1912 diaboli
932 1850 1118 1913 contremo
1146 1850 1313 1930 coeperunt
1340 1847 1501 1929 insurgere
1529 1851 1561 1911 et

381 1953 481 2014 usque
504 1935 542 1998 ad
566 1935 749 2015 sanguinem
777 1939 1054 2017 praesumpserunt
1081 1935 1114 1997 in
1135 1953 1186 1998 me
1208 1952 1321 1997 manus
1343 1952 1416 1997 snas
1438 1934 1560 1997 inicere,

381 2020 557 2084 Astiterunt
572 2020 655 2083 enim
670 2039 758 2100 reges
774 2023 874 2084 terrae
898 2023 930 2084 et
943 2021 1096 2103 principes
1112 2020 1285 2084 saeculares
1307 2021 1339 2082 et
1354 2019 1559 2094 ecclesiastici,

381 2105 472 2168 aulici
495 2105 588 2169 etiam
612 2108 644 2169 et
666 2106 808 2186 vulgares
824 2110 1034 2170 convenerunt
1054 2107 1088 2168 in
1109 2125 1208 2170 unum
1228 2104 1375 2168 adversus
1391 2105 1560 2169 Dominum

380 2194 412 2254 et
441 2191 589 2254 adversus
624 2211 677 2255 vos
711 2191 842 2256 christos
869 2192 944 2268 eius,
981 2192 1133 2256 dicentes:
1170 2191 1411 2272 „Dirumpamus
1437 2191 1560 2254 vincula

380 2295 486 2340 eorum
510 2279 541 2340 et
561 2277 747 2359 proiciamus
770 2276 897 2342 anobis
920 2278 1030 2361 iugum
1050 2278 1219 2360 ipsorum“;
1252 2280 1284 2340 et
1305 2281 1342 2339 ut
1362 2296 1412 2340 me
1434 2278 1559 2341 omnino

379 2363 504 2458 mortae)
527 2363 576 2426 vel
604 2362 691 2426 exilio
714 2363 946 2440 confunderent
979 2363 1087 2428 multis
1109 2363 1209 2427 modis
1231 2362 1332 2427 eonati
1355 2363 1482 2426 suntin
1508 2381 1559 2426 me

379 2467 546 2529 msurgere.

464 2551 552 2614 Inter
574 2569 651 2633 quos
667 2550 840 2633 specialiter
859 2551 1032 2621 Heinricus
1055 2572 1149 2634 quem
1164 2552 1273 2615 dicunt
1287 2570 1400 2632 regern,
1422 2550 1559 2615 Heinrici

379 2636 573 2718 imperatoris
587 2637 679 2712 filins,
702 2641 810 2700 contra
824 2641 961 2701 vestram
980 2639 1159 2702 calcaneum
1175 2638 1271 2700 erexit
1285 2637 1455 2714 ecelesiam,
1477 2637 1560 2701 facta

379 2741 450 2784 cum
487 2721 594 2784 multis
633 2723 783 2806 episcopis
825 2723 1066 2789 ultramontanis
1107 2728 1139 2787 et
1170 2724 1286 2787 Italicis
1325 2723 1558 2806 conspiratione,

379 2807 530 2883 annitens,
567 2827 617 2870 me
651 2807 807 2872 deiciendo
841 2827 911 2873 eam
944 2810 1001 2874 sibi
1035 2810 1208 2891 subiugare.
1267 2807 1363 2872 Cuius
1397 2810 1558 2891 superbiae

377 2895 481 2956 restra
496 2894 639 2957 resistitb)
653 2895 828 2970 auotoritas,
851 2913 983 2976 eamque
994 2898 1099 2958 vestra
1105 2898 1124 2945 θ)
1137 2894 1289 2958 destruxit
1302 2897 1448 2977 potestas.
1489 2894 1558 2973 Qui,

378 2979 525 3043 confusus
549 2981 579 3042 ct
601 2980 784 3043 humiliatus
814 2979 852 3043 ad
874 2999 926 3044 me
947 2981 980 3043 in
1001 2980 1247 3062 Langobardiam
1269 2980 1403 3056 veniens,
1437 2981 1559 3044 absolu-

377 3065 495 3128 tionem
518 3066 556 3128 ab
578 3065 893 3129 excommunicatione
917 3067 1076 3147 quaesivit
1120 3065 1222 3144 Quem
1248 3085 1305 3147 ago
1326 3065 1433 3129 ridens
1456 3067 1559 3130 humi-

378 3150 497 3227 liatum,
520 3151 628 3214 multis
652 3151 690 3214 ab
713 3171 748 3215 00
770 3151 1025 3234 promissionibus
1041 3153 1173 3235 acceptis
1196 3151 1234 3215 de
1257 3171 1332 3215 suae
1349 3152 1431 3215 vitae
1454 3170 1558 3215 emen-

378 3236 509 3312 datione,
543 3237 642 3300 solam
672 3236 699 3298 ei
723 3238 973 3301 communionem
998 3237 1130 3311 reddidi;
1164 3257 1225 3301 non
1255 3240 1362 3301 tamen
1391 3238 1423 3300 in
1453 3257 1556 3320 regno,

378 3341 397 3385 a
419 3341 479 3403 qno
503 3341 575 3386 eum
602 3322 634 3384 in
648 3321 790 3386 Romana
805 3322 922 3404 synodo
947 3323 1158 3406 deposueram,
1180 3324 1367 3396 instaurari;
1389 3323 1558 3386 000111011-

379 3413 476 3472 tatem
509 3407 656 3484 omnium,
691 3408 744 3489 qui
778 3409 837 3472 sibi
870 3410 1047 3473 iuraverant
1079 3410 1128 3473 vel
1160 3419 1249 3473 erant
1280 3410 1421 3485 iuraturi,
1455 3427 1558 3490 aqua

378 3512 484 3557 omnes
508 3493 628 3557 absolvi
663 3495 694 3556 in
728 3494 836 3558 eadem
870 3495 995 3576 synodo,
1032 3498 1068 3558 nt
1099 3495 1157 3558 sibi
1191 3501 1373 3571 servaretur,
1408 3496 1557 3578 praecepi.

379 3579 420 3641 Et
441 3580 518 3642 haec
545 3579 613 3643 ideo
646 3579 772 3656 detinui,
809 3583 845 3642 ut
873 3581 955 3643 inter
983 3600 1055 3645 eum
1084 3585 1116 3643 et
1144 3580 1301 3662 episcopos
1328 3580 1377 3643 vel
1405 3583 1557 3664 principes

378 3666 636 3742 ultramontanos,
669 3667 723 3746 qui
756 3666 784 3729 ei
812 3684 907 3729 causa
946 3667 1088 3730 ussionis
1114 3673 1236 3730 vestrae
1264 3666 1409 3730 ecclesiae
1436 3669 1558 3731 restite-
1611 3730 1615 3739 ,

378 3755 456 3828 rant,
478 3750 632 3814 iust'tiam
654 3750 786 3814 facerem
808 3751 857 3815 vel
878 3771 989 3834 paoem
1008 3771 1239 3835 componerom;
1269 3753 1350 3816 sicut
1376 3754 1441 3834 ipse
1461 3753 1558 3819 Hein-

378 3837 459 3900 rious
482 3837 657 3900 iuramento
679 3856 734 3919 per
756 3837 833 3900 duos
857 3837 1048 3920 episcopos*)
1076 3838 1170 3901 michi
1203 3839 1354 3921 promisit.
1403 3838 1556 3902 Praedicti

379 3926 483 3984 autem
512 3923 644 4005 episcopi
673 3933 705 3985 et
733 3923 886 4005 principes
917 3923 1148 3999 ultramontani,
1182 3924 1351 4002 audientes,
1384 3923 1474 3987 illum
1494 3945 1557 3988 non

378 4025 499 4071 servare
521 4008 626 4072 mihil>
649 4007 731 4089 quod
753 4009 946 4090 promiserat,
975 4010 1064 4090 quasi
1086 4009 1240 4092 desperati
1263 4009 1301 4073 de
1328 4030 1371 4086 eo,
1400 4010 1466 4074 sine
1488 4030 1557 4074 meo

378 4093 531 4156 consilioe)
547 4094 632 4157 vobis
656 4093 798 4170 testibus,
821 4094 984 4174 elegerunt
1000 4096 1057 4159 sibi
1080 4094 1251 4159 Rodnlium
1265 4095 1375 4158 ducem
1396 4096 1428 4158 in
1443 4115 1557 4177 regem.

378 4177 439 4257 Qui
462 4198 515 4243 rex
529 4179 682 4243 Rodulfus
705 4179 890 4243 festinanter
912 4179 1023 4244 adme
1045 4180 1140 4244 misso
1155 4181 1321 4264 nuncio**)
1338 4180 1499 4245 indicavit:
1523 4202 1556 4245 se

466 4367 492 4432 0)
511 4365 572 4432 1101,
590 4367 669 4420 morti
687 4367 830 4420 trarlcrent
855 4367 883 4433 b)
895 4365 957 4431 Ud,
975 4367 1083 4422 restitit.
1120 4368 1145 4437 0)
1156 4367 1218 4424 Cod.
1237 4368 1308 4435 Vnt,
1327 4374 1427 4423 nostra
1452 4369 1480 4439 d)
1490 4369 1557 4423 fehlt

378 4435 418 4487 bei
438 4435 516 4502 Hugo
535 4454 558 4491 v.
577 4436 606 4490 l'.
643 4438 667 4502 0)
686 4454 706 4491 s.
727 4454 760 4492 m.
779 4436 888 4490 consilio
906 4437 974 4491 fehlt
991 4439 1099 4493 abendo.

467 4507 491 4576 *)
510 4505 1090 4576 11000100.Νο0000008011000.0110000111.
1111 4509 1150 4574 **)
1160 4509 1248 4578 Vergl.
1257 4511 1385 4564 Bertbold
1398 4511 1466 4565 ada
1479 4515 1556 4566 1077.
