3617 5284
1394 508 1436 572 69

259 678 291 740 11
308 694 430 758 semper
451 679 604 756 augustus
626 675 753 740 filialem
773 696 830 761 per
851 675 957 742 omnia
978 675 1172 742 dilectionem
1195 680 1225 742 et
1247 678 1382 743 debitam
1403 679 1436 742 in

259 761 390 826 Domino
412 762 626 825 reverentiam.

342 846 469 911 Patrem
495 847 613 930 patriae
642 847 744 925 decet,
774 847 949 913 veneranda
969 847 1140 931 priscorum
1161 846 1305 912 instituta
1326 868 1437 931 regum

258 932 422 1014 vigilanter
451 933 612 997 observare
640 937 672 997 et
698 935 792 998 sacris
821 953 928 999 eorum
954 932 1122 1016 disciplinis
1143 934 1243 998 tenaci
1266 935 1367 1000 studio
1390 936 1437 999 iu·

261 1019 376 1094 herere,
398 1021 436 1082 ut
456 1019 575 1082 noverit
596 1037 760 1101 reguum
785 1019 860 1085 sibi
888 1039 907 1083 a
936 1019 1013 1083 Deo
1040 1020 1230 1084 collatum
1258 1021 1378 1102 legibus
1401 1041 1437 1086 ac

258 1105 395 1169 moribus
428 1123 491 1168 non
523 1105 627 1169 minua
662 1104 810 1170 adornare
844 1124 940 1187 quam
973 1105 1067 1169 armis
1101 1108 1133 1168 et
1160 1105 1241 1170 bello
1268 1105 1436 1172 defensare.

258 1189 502 1254 Sollemuem
533 1191 673 1272 itaque
705 1191 870 1275 imperii
899 1191 1066 1255 Romani
1091 1209 1236 1255 morem
1267 1211 1285 1256 a
1314 1193 1434 1276 proavia

256 1276 382 1352 nostris,
411 1275 649 1358 imperatoribus
676 1276 818 1342 videlicet
845 1280 878 1342 et
905 1277 1043 1358 regibus,
1069 1275 1108 1340 ad
1137 1296 1193 1341 nos
1215 1279 1436 1342 transmissum

258 1362 640 1444 sequentes,legatum
650 1363 911 1439 nostrumrirum
919 1362 1035 1426 scilicet
1046 1361 1214 1426 discretum
1222 1364 1435 1442 ethonestum,

257 1446 497 1530 lltberhardum)
512 1447 719 1512 venerabilem
734 1448 1024 1530 Barenbergeusem
1040 1447 1259 1532 episcopum,*)
1282 1449 1435 1515 adiunctis

256 1533 314 1597 sibi
336 1533 478 1616 Htillino)
501 1533 674 1598 lherireusi
696 1535 796 1599 electo
815 1538 846 1599 et
867 1534 1012 1616 Atdamo)
1036 1533 1219 1599 Everaeensi
1241 1535 1366 1612 abbate,
1396 1537 1435 1600 ad

257 1622 377 1683 restrae
405 1619 578 1684 sanctitatis
607 1620 796 1703 presentiam
818 1624 850 1685 et
872 1621 911 1684 ad
934 1620 1051 1685 Urbem
1074 1619 1228 1684 destinare
1251 1622 1436 1699 curarimus,

255 1707 298 1768 ut
318 1709 385 1770 tarn
407 1724 444 1769 err
464 1705 617 1788 presentis
631 1705 762 1788 paginae
776 1705 888 1771 indicio
903 1725 999 1787 quam
1016 1724 1051 1769 en
1067 1705 1205 1788 ipsorum
1221 1706 1290 1771 riva
1305 1707 1433 1790 voce**)

255 1791 299 1855 de
328 1791 483 1855 nostris
510 1792 767 1874 provectibus
797 1796 829 1857 et
855 1791 952 1856 totius
983 1791 1147 1856 aecclesiae
1178 1811 1214 1856 ac
1236 1793 1324 1874 regni
1347 1795 1434 1858 statu

255 1877 450 1941 certiores
472 1895 555 1942 osse
576 1877 761 1960 possitis.

338 1963 466 2044 Itaque,
501 1963 624 2044 quando
656 1963 773 2045 placuit
799 1962 928 2028 terribili
958 1966 989 2026 et
1018 1963 1045 2027 ei
1075 1962 1129 2044 qui
1159 1961 1260 2026 aufert
1289 1964 1432 2047 spiritum

253 2048 444 2131 principum,
472 2048 600 2112 terribili
628 2049 711 2132 apud
732 2068 821 2130 reges
842 2051 958 2125 terrae,
986 2048 1020 2112 in
1041 2048 1130 2112 cuius
1152 2067 1249 2112 manu
1272 2051 1346 2113 sunt
1368 2069 1434 2114 orn·

253 2133 342 2198 nium
364 2135 532 2218 potestates
556 2136 587 2198 et
609 2135 748 2199 omnium
768 2135 838 2199 iura
859 2153 1044 2216 regnorum,
1066 2134 1163 2199 felicis
1187 2136 1356 2199 memoriae
1378 2155 1433 2218 pa·

253 2223 362 2284 truum
395 2238 432 2284 ac
463 2220 649 2284 nutritorem
681 2224 840 2297 nostrum,
881 2220 1050 2302 gloriosum
1082 2221 1294 2285 Romanorum
1327 2240 1434 2302 regem

255 2305 458 2388 Ctonradum)
491 2306 529 2369 de
561 2307 697 2389 presenti
724 2306 789 2370 rita
817 2325 957 2383 evocare,
992 2306 1127 2370 universi
1157 2307 1309 2390 principes
1338 2308 1434 2388 regni,

254 2395 417 2473 tamquam
431 2390 533 2456 divino
549 2391 659 2475 spiritu
674 2392 823 2468 suscitati,
848 2395 887 2456 17
903 2391 953 2456 die
968 2395 1038 2474 post
1054 2391 1276 2474 depositionem
1292 2393 1434 2476 eius***)

253 2478 285 2541 in
301 2477 449 2561 oppidum
464 2477 767 2542 Franlrenerurt
788 2480 855 2542 tam
876 2497 932 2562 per
954 2496 987 2542 se
1009 2477 1092 2562 ipsos
1115 2497 1211 2559 quam
1232 2497 1288 2561 per
1309 2497 1435 2562 respon-

264 2626 471 2634 ——...-———-

259 2689 330 2751 Uber
348 2695 433 2750 dieses
444 2693 586 2748 Schneiben
603 2693 655 2761 rgl.
673 2693 836 2748 namantlieh
853 2693 1025 2763 Engelmann,
1044 2693 1098 2747 Der
1115 2692 1254 2763 Anspmch
1274 2693 1320 2747 der
1337 2693 1435 2763 Ptpate

261 2769 308 2822 auf
323 2765 516 2820 Konflnnation
542 2781 568 2818 n.
587 2763 767 2834 Approbation
789 2765 832 2818 bei
856 2765 907 2818 den
926 2763 1069 2818 deutschen
1087 2763 1290 2832 Kbnigswahleu
1309 2763 1335 2818 S.
1355 2767 1386 2817 21
1408 2765 1435 2818 11.

261 2840 320 2908 Vgl.
340 2837 408 2891 auch
431 2837 550 2890 Deueaen
575 2851 599 2888 a.
618 2851 642 2890 a.
662 2834 692 2889 0.
728 2835 866 2889 Verlaeser
889 2835 936 2890 des
954 2835 1145 2890 Schrittstdcks
1168 2835 1206 2888 ist
1223 2834 1338 2889 Wibald.
1375 2835 1435 2904 Vgl.

259 2927 298 2965 ur.
317 2913 377 2964 374.

347 2979 374 3046 *1
394 2967 464 3031 Uber
482 2975 619 3030 Eberhard
637 2993 661 3028 r.
679 2975 810 3044 Bamberg
828 2977 880 3044 rgl.
899 2977 1031 3044 Wagner,
1054 2975 1190 3030 Eberhard
1209 2975 1260 3041 II.,
1287 2976 1397 3029 Bischof
1412 2994 1436 3030 r.

260 3051 399 3117 Bamberg.
435 3048 472 3100 Er
496 3047 544 3101 wie
561 3047 669 3100 Wibald
691 3064 716 3100 u.
740 3045 893 3102 1111111111.
918 3065 941 3101 v.
965 3047 1033 3101 Kblu
1059 3046 1119 3100 sind
1143 3047 1185 3101 die
1207 3046 1342 3100 Vertreter
1366 3047 1437 3100 einer

261 3121 387 3175 awischen
411 3118 553 3188 Imperium
575 3134 601 3171 u.
620 3117 800 3171 Sacerdotimn
826 3117 1027 3172 vermittelnden
1045 3117 1265 3185 Parteirichtung.
1303 3117 1359 3170 Scit
1377 3117 1435 3170 dem

259 3193 341 3246 lehre
362 3195 427 3244 1156
452 3189 516 3242 tritt
537 3187 690 3241 nllmbhlich
715 3205 749 3241 an
774 3188 831 3242 ihre
849 3188 930 3242 Stella
955 3189 995 3242 ale
1012 3188 1141 3242 leitender
1159 3187 1330 3241 Staatsmann
1348 3187 1437 3240 11111-

260 3263 330 3317 11111
341 3261 456 3315 Rainald
475 3277 498 3314 v.
512 3259 614 3313 Daasel.
647 3258 687 3328 “l
699 3258 804 3312 Jchauu
823 3277 847 3314 r.
860 3258 997 3328 Salisbury
1009 3259 1126 3313 schreibt
1144 3261 1233 3328 opiter
1250 3263 1304 3327 (ep.
1323 3275 1362 3311 nr.
1377 3260 1436 3328 59):

261 3333 329 3399 „Sed
353 3332 422 3398 ecio,
445 3329 510 3400 quid
528 3329 686 3383 Teutonicus
704 3329 836 3383 moliatur.
873 3329 953 3382 Eram
971 3330 1040 3383 enim
1058 3330 1156 3382 Romae
1175 3328 1341 3399 praesidente
1358 3329 1435 3384 beato

260 3403 390 3486 Eugenio,
415 3399 535 3471 quando,
562 3400 668 3470 prima
694 3400 876 3468 legatione
900 3401 1004 3454 missa
1027 3399 1056 3453 in
1079 3398 1154 3468 regui
1178 3399 1219 3452 sui
1244 3399 1336 3466 initio,
1365 3399 1435 3452 tanti

260 3491 317 3529 auor
334 3472 525 3543 impudentiam
544 3474 631 3524 tumor
648 3471 823 3524 intolerabilis
840 3474 869 3524 et
885 3471 978 3540 lingua
995 3471 1103 3524 incauta
1122 3470 1228 3524 detexit.
1260 3470 1436 3524 Promittebat

260 3545 342 3610 anim,
371 3560 403 3596 ee
432 3543 543 3596 totius
570 3541 664 3595 orbis
689 3541 961 3595 reformaturum
986 3541 1164 3610 imperium
1192 3543 1228 3594 et
1254 3541 1330 3594 urbi
1358 3543 1435 3594 eub-

260 3615 431 3671 iciendum
459 3614 570 3666 orbem
597 3615 788 3682 eventuque
815 3613 916 3666 sacili
945 3611 1052 3666 omnia
1080 3611 1323 3677 subiecturum,
1353 3611 1380 3664 si
1407 3612 1434 3664 ei

260 3687 299 3741 ad
335 3687 396 3739 hoc
431 3683 547 3738 solius
583 3683 730 3736 Romani
760 3683 950 3753 pontificia
980 3683 1072 3735 lavor
1103 3681 1255 3735 adesset.
1303 3682 1334 3734 Id
1366 3682 1435 3735 enim

260 3759 371 3827 agebat,
399 3759 430 3808 nt
452 3755 480 3808 in
505 3770 692 3824 quemeumque
715 3753 881 3808 denunciatio
907 3753 1053 3807 inimicitiis
1071 3752 1233 3807 materialem
1251 3752 1370 3820 gladium
1389 3753 1435 3805 im-

259 3831 371 3898 perator,
388 3826 417 3879 in
430 3825 540 3878 eundem
552 3824 686 3877 Romame
695 3825 810 3894 pontifex
825 3824 990 3894 spiritualem
1004 3823 1124 3892 gladium
1142 3826 1296 3877 exsereret.“
1329 3823 1370 3876 111
1388 3823 1436 3876 das

259 3899 317 3953 eine
333 3889 530 3964 llbertreihung
554 3895 600 3948 des
618 3895 723 3949 Inhalta
747 3911 852 3948 anseres
877 3895 1032 3948 Schreibena
1054 3894 1117 3947 oder
1139 3893 1237 3947 beruht
1258 3893 1305 3947 der
1329 3893 1437 3948 Bericht

259 3970 306 4023 auf
322 3969 372 4023 deu
391 3966 559 4021 mttndlichen
577 3954 762 4035 humenmgen
786 3966 833 4019 der
851 3965 1022 4020 Gesandten‘?
1059 3965 1118 4018 *⁴*l
1136 3963 1196 4032 Vgl.
1216 3964 1258 4018 die
1277 3963 1436 4032 Zeitangabe

259 4041 286 4095 iu
305 4040 364 4092 dem
382 4037 623 4106 Begleitachreiben
647 4055 672 4091 u.
692 4039 719 4090 iu
739 4037 798 4090 dem
816 4037 911 4104 obigen
930 4035 1052 4090 Berichte
1071 4034 1149 4089 Ottcs
1167 4052 1190 4087 r.
1209 4033 1337 4102 Fheising.
1373 4034 1435 4088 Phi-

258 4111 361 4181 lippson
380 4111 449 4162 11111
467 4107 582 4160 demach
602 4107 652 4160 den
663 4108 792 4176 Wahlteg
810 4125 844 4162 an
862 4107 910 4161 auf
926 4107 976 4160 den
994 4112 1019 4160 3.
1039 4106 1121 4171 Mira,
1140 4105 1219 4158 Prutz
1239 4106 1275 4174 (u.
1294 4105 1362 4158 nach
1379 4105 1435 4158 ihm

260 4180 414 4245 Grotefend,
441 4179 488 4232 der
510 4178 587 4230 Wert
609 4177 655 4231 der
676 4177 957 4238 cananaeam
980 4177 1027 4230 aul
1049 4177 1099 4230 den
1119 4182 1142 4230 b.
1161 4175 1247 4239 11111,
1267 4174 1437 4229 Giescbrecht

261 4251 328 4306 nach
353 4251 411 4304 dem
429 4249 569 4317 Vorgauge
587 4249 674 4302 Cohne
692 4251 740 4303 anf
755 4250 805 4304 den
824 4254 848 4302 4.
867 4249 954 4314 11111ς
981 4247 1049 4302 nach
1068 4245 1238 4301 Giesebrecht
1260 4246 1382 4300 intebea
1408 4246 1436 4299 in

261 4323 311 4376 den
323 4319 564 4375 mittelalterhcheu
577 4319 685 4384 Quellen
697 4321 739 4375 bei
752 4319 965 4388 divergierenden
980 4318 1158 4385 Zeitangaben
1169 4317 1260 4370 mehr
1279 4315 1369 4370 Garri
1380 4317 1437 4370 cht

259 4393 317 4446 arri
341 4391 394 4446 die
420 4391 561 4459 Angabe
586 4390 644 4445 dea
668 4390 916 4458 Wochentages
941 4390 992 4443 als
1016 4387 1075 4442 des
1100 4386 1375 4456 Kelendertages
1400 4403 1435 4440 au

259 4463 367 4533 legen.
