3617 5284
1375 547 1416 612 53

242 715 356 798 quibus
385 716 512 799 quidem
534 736 606 793 nos,
635 715 726 781 officii
748 716 846 780 nostri
867 715 1077 781 innocentiam
1100 715 1311 794 attendentes,
1340 717 1417 780 nihil

244 820 480 876 censueramus;
514 807 577 879 set,
606 804 643 866 ut
670 801 754 885 patri
775 807 807 867 et
835 801 976 885 episcopo
1004 802 1221 879 confiteamur,
1251 803 1282 866 in
1310 804 1416 868 mente

242 891 351 952 nostra
365 891 439 966 erat
461 890 575 952 utnon
590 888 692 953 solum
707 907 789 952 unus
804 889 897 952 horno
920 890 969 952 set
991 889 1086 952 etiarn
1108 889 1199 951 multi
1222 890 1417 952 morerentur

243 993 298 1056 pro
311 975 434 1058 populo,
456 977 489 1039 et
509 993 572 1038 non
593 976 661 1038 tota
681 992 759 1056 gens
780 974 901 1057 periret
939 973 1102 1057 Popularis
1125 977 1192 1037 erat
1213 974 1297 1038 senis
1319 974 1417 1039 oratio

244 1061 277 1123 et
303 1059 343 1123 ad
368 1060 532 1124 hominum
554 1060 776 1142 negligentiam
799 1059 960 1142 pigriciam
982 1079 1018 1124 ao
1040 1059 1190 1125 desidiam
1213 1060 1417 1125 accommoda

243 1144 309 1210 Nos
331 1150 437 1210 tamen
460 1149 568 1210 contra
581 1145 759 1210 nitebamur
772 1149 805 1212 et
819 1147 1051 1211 asserebamus:
1075 1144 1159 1209 sarna
1174 1147 1315 1209 constare
1337 1146 1419 1211 bella

244 1233 277 1295 et
304 1250 354 1296 res
381 1251 513 1314 magnas
541 1231 726 1297 celeritate⁸l
749 1231 901 1309 adiuvari,
930 1231 1111 1297 dilatiomm
1132 1249 1254 1314 semper
1276 1231 1418 1296 nocuisse

243 1319 374 1400 paratis3
396 1317 589 1394 iudiciorum
612 1336 672 1398 que
688 1320 775 1382 tanto
790 1317 925 1402 pondere
948 1323 1185 1400 opponerentur,
1207 1336 1315 1382 rocem
1336 1317 1419 1381 intra

244 1403 448 1485 paucissimos
477 1422 573 1487 pagos
603 1405 654 1466 vir
674 1421 765 1486 posse
789 1403 901 1477 audiri;
932 1421 1009 1486 opus
1037 1403 1183 1468 bellicum
1212 1421 1284 1466 eum
1314 1403 1418 1484 aliquo

244 1488 406 1572 splendore
434 1491 560 1571 gestum
586 1507 642 1572 per
663 1487 812 1553 maiorem
834 1489 916 1553 orbis
937 1493 1059 1572 partem
1082 1487 1219 1553 diffundi.
1263 1487 1420 1554 Inermem

243 1575 318 1638 vicit
339 1575 438 1641 oratio
461 1575 580 1652 armati
603 1574 692 1638 cuius
715 1577 821 1640 tamen
844 1593 933 1639 arma
955 1574 1126 1652 effecerant
1153 1594 1193 1638 ne
1214 1575 1254 1651 is,
1278 1574 1327 1638 oui
1349 1593 1419 1658 per-

244 1661 402 1740 suadebat,
425 1661 464 1726 ad
485 1661 657 1744 perfeetum
678 1660 843 1742 uicisset*)
878 1661 930 1725 Ita
949 1661 1069 1726 factum
1092 1662 1148 1738 est,
1169 1662 1207 1725 ut
1228 1679 1285 1725 nec
1299 1661 1419 1725 bellum

244 1765 389 1828 geramus
410 1766 468 1812 nec
481 1746 595 1811 iudicia
610 1747 843 1821 erheroeamus3
868 1751 917 1812 set
931 1767 985 1832 spe
1006 1766 1112 1811 rerum
1134 1747 1275 1811 inanium
1298 1748 1419 1811 animos

241 1833 406 1915 pascimus.
435 1833 482 1896 Dc
498 1833 620 1916 captivo
634 1833 796 1914 vestro**)
812 1835 889 1897 bene
905 1833 990 1897 vobis
1007 1833 1045 1896 ad
1060 1833 1218 1916 integrum
1232 1850 1420 1915 responsum

243 1921 305 1992 est;
320 1938 377 1984 nos
391 1919 545 1984 instanter
559 1918 745 1996 curabimus,
761 1922 797 1982 ut
813 1920 906 1983 verba
921 1919 1048 1984 effectus
1064 1921 1281 2000 consequatur.
1298 1918 1420 1982 Valete.

243 2191 315 2278 lll.
349 2191 439 2279 lriol
460 2191 601 2278 tonnis
626 2190 674 2277 lll.
701 2215 740 2278 an
767 2191 817 2277 die
842 2190 985 2278 leiserio
1012 2192 1118 2290 lrcrc,
1147 2191 1232 2298 lpril
1257 2110 1422 2292 lltt.**':t

438 2321 567 2391 (wiensi
584 2338 643 2392 app.
660 2339 701 2376 ιι.
720 2326 787 2388 2433
804 2320 881 2386 riae,
900 2321 1105 2386 arbreisel,
1124 2324 1176 2374 aee
1195 2321 1233 2390 a.)

330 2436 517 2519 C(onradus)
541 2435 601 2500 Dei
627 2435 728 2516 gratia
749 2433 962 2500 Romanorum
987 2435 1156 2518 imperator
1178 2438 1330 2516 augustus
1352 2455 1421 2518 pre-

244 2522 419 2587 cordialiter
441 2522 571 2608 dilectae
593 2520 674 2584 filiae
696 2539 771 2584 suae
793 2521 951 2604 lhircnae)
975 2541 993 2585 a
1013 2521 1077 2586 Deo
1101 2524 1264 2586 coronatae
1287 2526 1319 2585 et
1340 2523 1422 2586 eral-

244 2613 329 2673 tatae
352 2608 521 2673 Grecorum
549 2606 738 2690 imperatrici
764 2609 929 2688 paternam
959 2606 1154 2672 dilectionem
1183 2611 1215 2670 et
1242 2610 1364 2672 eertum
1386 2628 1421 2672 ac

244 2695 334 2758 fidele
355 2695 389 2758 in
410 2694 495 2758 omni
515 2693 724 2777 oportunitate
747 2692 906 2757 auxilium.

328 2780 422 2844 Prius
451 2779 577 2861 quidem
605 2779 777 2863 preclaram
805 2780 997 2844 nobilitatem
1029 2782 1117 2843 tuam
1145 2781 1212 2843 tam
1241 2799 1277 2843 er
1299 2779 1421 2843 vinculo

243 2866 434 2947 cognationis
463 2885 559 2949 quarn
588 2884 626 2929 er
653 2865 765 2929 affectu
794 2865 967 2949 adoptionis
1000 2865 1170 2948 plurimum
1199 2865 1421 2947 diligebamus3

244 2959 293 3016 set
313 2955 370 3016 tua
391 2951 477 3029 fides,
498 2955 555 3016 tua
576 2954 685 3034 pietas,
707 2956 763 3014 tua
785 2952 915 3028 devotio,
938 2954 995 3016 tua
1015 2951 1193 3029 liberalitas,
1216 2970 1312 3033 quam
1334 2951 1422 3015 nobis

242 3037 376 3103 officiose
398 3037 579 3115 exhibuisti,
603 3040 679 3101 tunc
700 3037 834 3115 scilicet,
857 3038 980 3120 qnando
1003 3056 1115 3101 manus
1137 3037 1263 3100 Domini
1286 3039 1318 3100 et
1338 3037 1423 3100 infir·

244 3125 353 3188 initote
382 3124 533 3206 corporali
562 3125 593 3187 et
619 3143 727 3187 rerum
746 3123 950 3188 incommodis
972 3143 1028 3188 nos
1052 3122 1203 3187 afflixerat
1224 3123 1257 3187 et
1278 3122 1422 3186 humilia-

243 3213 338 3287 verat
361 3211 486 3274 tantum
508 3209 649 3274 ardorem
671 3211 796 3274 sanctae
818 3209 956 3274 caritatis
978 3209 1009 3272 in
1033 3210 1140 3273 nostra
1160 3211 1265 3272 mente
1287 3209 1421 3294 circate

244 3297 456 3373 adauxerunt,
484 3302 521 3361 ut
548 3314 618 3360 eam
645 3295 734 3359 nulla
762 3296 944 3370 difficultas,
974 3296 1096 3359 nullum
1117 3295 1305 3377 pericnlum,
1333 3295 1421 3358 nullu

243 3402 349 3446 rerum
369 3381 503 3446 varietas
524 3382 624 3466 possit
645 3382 832 3463 extinguere.
875 3382 926 3445 lta
947 3381 1042 3462 igitur
1063 3381 1095 3444 in
1118 3381 1258 3445 animum
1279 3383 1422 3445 nostrum

242 3467 438 3545 induximus,
464 3467 511 3532 itu
535 3469 569 3531 in
595 3467 686 3532 corde
714 3470 819 3532 nostro
841 3467 926 3532 omni
949 3467 1153 3549 ambiguitate
1170 3469 1295 3531 remota
1316 3467 1421 3530 firma·

147 3583 150 3588 ¹
245 3555 355 3632 vimus,
376 3556 414 3618 ut
435 3591 477 3600 —-
492 3554 616 3618 etiamsi
630 3553 718 3617 nulla
738 3553 860 3631 federis,
882 3553 969 3618 nulla
992 3553 1113 3618 artioris
1136 3553 1293 3618 amiciciae
1314 3552 1420 3634 religio

330 3729 358 3793 a)
376 3727 411 3780 So
430 3725 575 3780 emendiert
593 3723 776 3789 Giesebrecht;
795 3722 864 3777 Jalld
882 3724 999 3778 schreibt
1017 3723 1177 3777 celebritate.

332 3799 357 3867 ²⁸)
376 3797 448 3852 Hist
460 3796 537 3851 Wolf.
557 3813 579 3850 e.
598 3799 633 3849 28
651 3795 701 3862 (M.
715 3794 748 3850 G.
761 3796 787 3851 S.
799 3795 826 3849 S.
838 3795 914 3860 lle,
932 3797 1010 3862 468);
1028 3794 1177 3848 blidericus
1194 3793 1328 3848 fratruelis
1341 3795 1420 3861 regia,

246 3870 362 3922 sororius
383 3868 501 3922 eiusdem
525 3865 675 3932 Guclionis‚
698 3865 814 3920 medium
836 3883 865 3919 so
887 3866 922 3919 ad
946 3865 1157 3935 compositionem
1175 3864 1323 3918 faciendam
1341 3865 1421 3918 inter·

246 3941 343 4010 posint,
361 3939 530 4009 captivosque
549 3937 609 3991 duci
627 3937 703 3991 reddi
721 3954 752 3990 ac
769 3954 857 4005 regem
881 3937 913 3990 de
931 3939 1016 3990 cetero
1035 3953 1153 3990 securum
1171 3953 1250 4006 penes
1268 3935 1344 3989 illum
1364 3952 1421 3990 esse

243 4011 354 4081 provida
377 4009 565 4063 deliberatione
582 4007 754 4064 confirmarit
784 4008 840 4061 Rex
859 4024 921 4075 ergo
940 4009 1045 4077 accepto
1063 4007 1171 4061 consilio
1184 4005 1305 4060 Guelioni
1318 4006 1354 4058 ali
1373 4023 1421 4060 uos

242 4082 344 4135 reditus
369 4079 403 4133 de
425 4079 487 4133 fisco
509 4079 584 4148 regni
608 4095 667 4132 cum
691 4078 755 4132 rilla
772 4078 929 4146 Mardingen
947 4077 1082 4132 concessit.
1120 4078 1160 4145 *Ἴ
1180 4077 1230 4130 Eiu
1249 4023 1422 4130 Vcrwaddter

247 4152 292 4206 des
310 4151 432 4205 Bischois
449 4169 473 4204 v.
492 4150 636 4217 Konstann,
655 4149 705 4203 den
716 4149 789 4204 Weli
805 4149 831 4202 in
852 4148 1075 4216 Gefangenschalt
1092 4148 1167 4202 hiclt.
1197 4147 1259 4215 Vgl.
1272 4147 1343 4201 Wib.
1362 4164 1420 4216 epp.

246 4240 284 4277 nr.
304 4226 370 4286 233;
389 4220 466 4288 lade,
486 4220 651 4274 Bibliotheca
668 4221 691 4286 Ι,
710 4224 770 4274 353.
854 4254 857 4262 -

333 4293 389 4360 aas)
408 4282 480 4345 tear
499 4292 583 4345 dieses
594 4291 736 4345 Schreiben
749 4291 800 4359 egl.
813 4309 836 4345 v.
849 4289 998 4360 Imp-Hert,
1016 4287 1246 4342 Abendltndische
1258 4286 1356 4340 Politilr
1375 4287 1421 4340 des

246 4363 352 4418 Kaisers
370 4362 485 4428 Manum,
506 4361 532 4416 S.
551 4366 600 4428 40;
618 4360 766 4415 Bernhardi
785 4379 808 4414 a
828 4378 851 4414 a.
871 4359 901 4415 Ο.
922 4360 948 4415 S.
967 4364 1019 4414 815
1037 4362 1055 4413 l.
1075 4391 1107 4398 —
1127 4359 1152 4412 S.
1173 4359 1239 4413 auch
1259 4358 1308 4411 den
1325 4357 1423 4425 gleich-

248 4434 360 4502 zeitigen
377 4433 453 4487 Brief
467 4432 589 4487 Wibalds
614 4449 647 4486 an
671 4432 778 4486 lllanuel
803 4430 890 4501 (lade,
916 4430 1081 4484 Bibliotheca
1097 4429 1125 4496 1,
1145 4433 1196 4483 246
1215 4429 1247 4496 f.;
1275 4427 1344 4482 Wib.
1364 4445 1421 4498 epp.

246 4521 285 4558 nr.
304 4507 377 4570 246).
