3617 5284
501 753 583 840 lll.
608 753 672 839 ln
696 753 894 857 linigsuahl
921 751 1096 838 1111111111
1121 751 1160 851 1.,
1185 751 1216 838 1.
1242 750 1474 854 111111152.*1

482 870 558 940 [Otto
576 871 644 925 Fris.
664 869 747 925 Gesta
764 871 792 938 Ι,
818 887 841 925 o.
860 874 910 925 70:
936 871 1092 940 (conradus)
1112 870 1230 940 proxima
1248 887 1264 924 a
1282 887 1313 924 ca
1331 871 1369 924 ite
1387 871 1477 925 ieiunii
1496 874 1570 924 serta

386 943 461 1009 ieris,
479 941 568 996 idest
587 948 627 997 15.
646 941 707 996 Kal
725 941 829 1007 Marcii,
846 942 930 994 vitam
947 941 1047 1009 finivit,
1066 940 1201 1010 regalia
1219 941 1294 996 duci
1312 888 1493 996 Friderico
1512 957 1569 994 cum

388 1015 465 1067 unico
484 1029 531 1067 suo
549 1014 614 1066 item
631 1012 765 1066 Friderioo
790 1012 1036 1067 commendans.
1071 1011 1139 1066 Erat
1155 1013 1225 1067 enim
1243 1015 1380 1082 tamquam
1398 1013 1439 1066 rir
1456 1012 1571 1083 prudens

390 1084 423 1138 de
441 1083 496 1136 filio
515 1100 562 1137 suo
580 1083 667 1137 adbuc
684 1083 808 1154 parvulo,
826 1099 859 1136 ne
878 1083 906 1136 in
924 1100 938 1137 r
971 1101 1012 1137 cm
1031 1083 1233 1150 sublimaretur,
1252 1083 1327 1166 quasi
1347 1083 1514 1166 desperatns;
1532 1081 1571 1136 id·

387 1155 456 1208 circo
479 1157 507 1207 et
531 1154 651 1224 privatae
673 1157 702 1206 et
719 1154 757 1208 rei
774 1154 896 1225 publicae
913 1171 955 1208 me
968 1155 1008 1208 'us
1025 1155 1191 1224 prolaturum
1209 1153 1359 1220 iudicabat,
1383 1172 1406 1208 s1
1429 1155 1452 1208 is
1505 1153 1568 1218 tius,

388 1225 433 1295 qui
445 1224 537 1278 fratris
555 1225 596 1277 sui
614 1223 686 1278 filius
705 1228 770 1290 erat,
789 1225 822 1278 ob
841 1226 927 1279 multa
943 1225 1072 1279 virtutum
1090 1241 1197 1278 suarum
1217 1225 1289 1278 clara
1307 1226 1423 1279 facinora
1443 1225 1466 1278 si
1484 1225 1494 1278 i
1512 1240 1569 1277 suc·

388 1295 500 1349 cederet.
518 1295 560 1361 Π,
586 1312 608 1348 c
630 1300 660 1348 l:
688 1294 738 1350 ΠΙ.
758 1295 874 1349 Nonas
896 1296 1015 1350 Martii
1033 1299 1069 1363 (5.
1088 1295 1187 1362 Mira),
1213 1295 1247 1349 id
1269 1299 1324 1349 est
1349 1295 1461 1349 tercia
1483 1295 1571 1349 laria

391 1366 531 1434 (4.111111)
557 1369 636 1435 post
660 1364 757 1420 Oculi
781 1366 842 1420 mei
866 1383 979 1437 semper,
1005 1367 1033 1420 in
1056 1365 1151 1436 oppido
1170 1365 1378 1420 branconelurde
1401 1366 1434 1420 de
1459 1369 1514 1420 tem
1531 1366 1571 1419 in-

387 1453 479 1491 mensa
491 1436 659 1506 'i'ransalpini
678 1437 753 1505 regni
771 1436 915 1491 latitudine
933 1437 1092 1504 universum,
1111 1437 1206 1490 mirum
1227 1437 1307 1504 dictu,
1327 1437 1474 1507 principum
1493 1437 1571 1490 robur

388 1525 440 1562 non
459 1507 516 1561 sine
551 1507 693 1561 uibusdam
710 1524 741 1561 er
753 1507 835 1560 ltalia
852 1508 995 1562 baronibus
1014 1511 1151 1578 tamquam
1169 1507 1197 1561 in
1216 1523 1296 1561 nuum
1315 1523 1409 1578 corpus
1427 1507 1569 1561 coadunari

388 1579 483 1662 potuit.
546 1578 573 1631 bi
598 1595 656 1631 cum
682 1577 714 1632 de
738 1577 859 1648 eligendo
884 1578 1002 1649 principe
1026 1579 1152 1702 primates
1179 1579 1360 1632 consultarent
1385 1609 1418 1618 -
1443 1595 1516 1632 nam
1537 1577 1571 1631 id

388 1650 475 1703 ruris
501 1648 638 1702 Romani
660 1649 797 1719 imperii
816 1665 916 1719 apex,
940 1649 1017 1703 vide
1043 1649 1113 1703 icet
1131 1667 1196 1703 non
1213 1666 1271 1719 per
1289 1649 1475 1717 sanguinis
1499 1665 1571 1719 pro-

389 1720 544 1790 paginem
564 1719 787 1786 descendere,
806 1719 864 1774 sed
882 1737 938 1790 per
956 1719 1144 1790 principum
1162 1719 1368 1774 electionem
1386 1737 1488 1789 reges
1505 1736 1573 1773 cre·

389 1807 459 1857 are,
477 1790 545 1844 sibi
563 1793 735 1860 tamquam
753 1806 791 1843 ex
810 1790 989 1859 singulari
1007 1791 1170 1845 vendicat
1186 1791 1430 1861 prerogativa,
1449 1821 1482 1830 —
1502 1794 1573 1844 tan·

389 1861 456 1915 dem
481 1861 515 1914 ab
540 1860 661 1914 omnibus
678 1860 828 1914 Friderious
854 1860 996 1915 Suevorum
1020 1861 1087 1928 dux,
1113 1861 1239 1915 Friderici
1265 1860 1340 1914 duem
1361 1861 1446 1928 filius,
1472 1861 1572 1932 petitur

390 1934 595 2001 cunctorumque
617 1931 705 1985 lavore
728 1932 756 1984 in
780 1948 869 2000 regem
893 1932 1059 1986 sublimatur.
1087 1931 1128 1998 11,
1155 1949 1177 1986 c.
1197 1935 1229 1985 2:
1257 1931 1346 1986 Huius
1371 1931 1571 1986 consultationis

390 2019 493 2055 summa
516 2002 544 2055 in
568 2001 694 2072 illamque
717 2018 855 2071 personam
873 2005 930 2056 tam
948 2003 1079 2056 unanimis
1099 2018 1220 2056 assensus
1239 2002 1308 2056 ratio
1326 2003 1406 2070 haec,
1432 2007 1464 2057 ut
1477 2002 1570 2066 recolo,

388 2074 448 2128 fuit
479 2073 554 2126 Duae
571 2073 600 2125 in
612 2073 729 2126 Romano
747 2074 810 2126 orbe
828 2072 898 2143 apud
913 2071 1015 2127 Galliae
1031 2070 1218 2126 Germaniaeve
1235 2073 1301 2126 fines
1319 2073 1436 2128 famosae
1455 2073 1570 2128 familiae

390 2148 499 2198 actenus
516 2143 604 2208 tuere,
622 2159 676 2196 una
693 2142 877 2197 Heinrieorum
896 2143 929 2197 de
948 2141 1136 2212 Gueibelingu,
1161 2143 1213 2196 elia
1232 2143 1383 2198 Guellorum
1403 2145 1436 2198 de
1453 2143 1571 2209 Aldorlo,

391 2215 475 2269 altera
497 2215 683 2284 imperatores,
711 2214 795 2268 altera
818 2231 928 2282 magnos
954 2213 1032 2267 duces
1057 2213 1199 2283 producere
1224 2213 1310 2268 solita.
1347 2214 1431 2281 Istae,
1457 2218 1488 2268 nt
1505 2215 1574 2268 inter

394 2285 463 2339 viros
474 2301 585 2354 magnos
596 2285 747 2355 gloriaeque
766 2285 856 2339 avidos
868 2284 966 2338 assolet
983 2283 1048 2350 lieri,
1068 2284 1217 2354 frequenter
1229 2301 1284 2338 sese
1296 2285 1407 2338 invicem
1420 2286 1574 2350 emulantes,

393 2357 431 2410 rei
455 2357 575 2427 publicae
600 2355 714 2425 quietem
738 2356 894 2410 multociens
918 2356 1112 2426 perturbarent.
1150 2353 1225 2408 Nutu
1243 2371 1303 2409 vero
1321 2355 1380 2422 Dei,
1399 2359 1431 2409 ut
1448 2355 1572 2420 creditur,

412 2427 452 2480 aci
475 2427 565 2497 populi
588 2426 629 2480 sui
652 2426 679 2479 in
704 2430 838 2496 posterum
861 2426 1039 2496 providentie,
1062 2426 1110 2479 sub
1135 2424 1258 2480 Heinrico
1283 2425 1315 2479 V.
1339 2425 1438 2480 factum
1462 2431 1517 2494 est,
1541 2429 1573 2479 ut

429 2497 541 2550 'derions
559 2497 619 2563 dux,
637 2501 714 2566 pater
731 2497 818 2563 huius,
837 2498 881 2566 qui
901 2496 934 2550 de
953 2498 1045 2563 altera,
1064 2497 1093 2550 id
1112 2501 1154 2550 est
1171 2497 1203 2550 de
1220 2513 1312 2564 regum
1330 2497 1446 2564 familia,
1465 2498 1569 2551 descen·

392 2568 481 2635 derat,
507 2568 540 2621 de
562 2569 660 2634 altera,
682 2567 802 2621 Heinrici
827 2567 928 2621 scilicet
946 2567 1100 2621 Noricorum
1127 2567 1201 2621 ducis
1219 2567 1315 2633 filiam,
1338 2567 1366 2621 in
1385 2585 1489 2622 uxorem
1507 2568 1574 2621 coci-

390 2641 466 2708 peret
477 2655 508 2692 ex
520 2655 602 2708 eaque
613 2637 784 2704 hildericum,
804 2638 849 2708 qui
861 2638 1082 2708 inpresentiarum
1095 2641 1144 2704 est,
1163 2642 1308 2707 generaret.
1342 2637 1477 2720 Principes
1489 2639 1572 2706 igitur

391 2727 442 2763 nou
466 2709 550 2762 solum
572 2708 732 2762 industriam
756 2725 787 2763 ao
809 2709 934 2762 virtutem
957 2708 1010 2762 ium
1029 2725 1089 2779 sepe
1108 2709 1174 2762 dicti
1192 2709 1307 2774 iuvenis,
1334 2709 1380 2762 sed
1406 2713 1487 2762 etiam
1512 2709 1568 2771 hoc,

391 2780 478 2849 quod
500 2781 619 2833 utrius
650 2797 689 2832 uc
712 2779 891 2847 sanguinis
915 2796 1057 2833 consors
1079 2784 1250 2849 tamquam
1273 2780 1453 2847 angularis
1477 2779 1571 2849 lapis

390 2853 614 2920 utrorumque
663 2867 757 2904 orum
775 2851 943 2921 parietum
963 2849 1216 2904 dissidentiam
1241 2850 1342 2904 unire
1360 2854 1491 2920 posset,
1513 2868 1572 2903 oon·

391 2921 548 2987 siderantes,
567 2924 648 2991 caput
665 2921 740 2989 regni
758 2937 818 2974 eum
830 2921 989 2975 constituere
1004 2919 1229 2987 adiudicaveruut,
1248 2919 1389 2991 plurimum
1402 2921 1572 2991 reipublicae

390 2992 556 3062 profuturum
580 2991 787 3061 praecogitantes,
813 2991 836 3044 si
861 2995 916 3044 tam
942 2991 1031 3059 gravis
1054 2995 1082 3045 et
1104 2990 1209 3044 diutina
1231 2991 1301 3045 inter
1325 2992 1452 3046 maximos
1470 2992 1572 3062 imperii

392 3062 460 3115 viros
484 3063 515 3115 ob
541 3061 673 3133 privatum
692 3061 896 3115 emolumentum
916 3061 1039 3114 simultas
1057 3061 1108 3114 hac
1126 3061 1231 3115 densum
1250 3063 1392 3128 occasione,
1410 3063 1466 3116 Deo
1483 3079 1572 3132 coepe

390 3136 481 3197 rante,
511 3133 647 3202 sopiretur.
677 3163 707 3171 -
733 3131 793 3200 Vgl.
819 3131 887 3186 auch
909 3131 978 3187 Anu.
1002 3131 1056 3187 Col.
1078 3132 1148 3186 Max.
1175 3131 1264 3188 1111.
1291 3133 1316 3188 S.
1336 3132 1362 3188 S.
1381 3132 1473 3198 XVII,
1504 3137 1571 3196 roh

393 3202 488 3258 Chron.
507 3202 631 3272 Ursperg.
656 3203 692 3258 Μ.
713 3201 745 3257 G.
765 3202 791 3256 S.
812 3202 839 3256 S.
857 3201 967 3269 XXIII,
988 3207 1052 3270 344;
1080 3201 1222 3257 Gisleberti
1241 3202 1387 3258 Chronioun
1403 3203 1572 3258 Hanuniensc

391 3273 427 3327 M.
448 3272 479 3328 G.
498 3272 524 3328 S.
545 3272 570 3327 S.
590 3273 663 3339 XXI,
683 3277 733 3328 516
753 3273 884 3341 (1111111111
901 3273 977 3326 einen
995 3272 1247 3327 Wthlereusschuss
1268 3291 1316 3328 von
1336 3279 1352 3328 4
1370 3273 1496 3340 Flirsten;
1519 3273 1571 3340 vgl.

392 3343 459 3396 dazn
472 3343 598 3397 Narratio
616 3344 648 3397 de
666 3344 793 3397 electione
810 3361 833 3397 c.
847 3347 872 3397 2.
902 3333 975 3396 iiber
987 3343 1036 3397 den
1050 3343 1298 3399 staatsrechtlicheu
1312 3344 1388 3398 Wert
1399 3344 1446 3398 der
1457 3343 1572 3399 Chronilr

391 3413 502 3467 handelt
518 3413 619 3480 licher,
637 3414 703 3468 Vem
722 3413 1017 3469 Reichsffirstenstande
1034 3414 1057 3480 1,
1079 3418 1154 3481 108);
1174 3413 1319 3469 Kinnemos
1337 3415 1373 3482 II,
1393 3432 1414 3469 c.
1434 3416 1488 3483 28]

415 3506 450 3580 a)
474 3504 648 3574 Sobreibeu
672 3504 852 3573 Friedrlobs
874 3505 894 3570 Ι.
918 3520 958 3572 an
983 3504 1082 3588 Papst
1104 3504 1208 3589 [sucu
1232 3505 1285 3588 ill,
1309 3502 1544 3587 111111112.**)

583 3605 711 3672 (wibaldi
729 3622 787 3675 epp.
805 3621 846 3659 ιι.
864 3609 931 3671 arn
950 3604 1026 3671 rare,
1045 3605 1251 3672 carnonensi,
1269 3611 1321 3662 see
1340 3606 1378 3675 1.)

477 3693 684 3759 Dilectissimo
705 3695 738 3758 in
754 3694 876 3759 Christo
897 3695 978 3777 patri
1001 3715 1057 3760 suo
1079 3695 1244 3778 E(ngeni0)
1268 3699 1392 3760 sanctae
1414 3695 1572 3760 Romanae
1652 3715 1658 3727 ·

398 3779 562 3843 aecclesiae
584 3799 706 3844 summo
727 3780 863 3864 pontifici
884 3779 1065 3845 Fredericus
1087 3781 1146 3846 Dei
1169 3783 1267 3863 mutia
1287 3782 1499 3847 Romanorum
1521 3801 1573 3846 rex

482 3905 506 3971 *l
524 3895 595 3958 beer
621 3904 663 3957 aa
681 3903 760 3957 uam
779 3905 929 3959 recuccus
946 3904 967 3960 1.
986 3905 1072 3960 hasen
1091 3891 1249 3974 gehandelt:
1277 3906 1450 3976 Philippeos,
1477 3906 1570 3962 occu

392 3975 534 4029 Heinrichs
559 3975 605 4028 des
623 3975 716 4028 sewen
741 3993 765 4028 u.
792 3975 837 4028 der
861 3975 1010 4034 welfischeu
1028 3993 1053 4030 u.
1073 3977 1233 4031 sterilischen
1251 3977 1350 4030 Politilr
1369 3977 1454 4032 eainer
1472 3977 1530 4032 Zeit
1547 3977 1568 4038 Ι,

395 4050 444 4100 351
466 4046 508 4111 ff.;
529 4045 602 4100 Cohn
621 4045 648 4098 iu
667 4045 717 4098 deu
735 4044 808 4099 Gett.
828 4045 963 4101 Gel.·Anc.
982 4046 1075 4114 Jnhrg.
1092 4051 1159 4102 1868
1178 4047 1204 4102 S.
1221 4052 1287 4102 1050
1307 4047 1351 4114 ff.;
1371 4049 1459 4115 Prutz,
1478 4048 1572 4102 Kaisar

393 4116 528 4171 Friedrich
545 4117 567 4182 I,
580 4115 630 4169 Bd.
643 4115 665 4180 1,
684 4116 710 4169 S.
724 4120 758 4170 28
770 4117 796 4169 11.
811 4117 890 4170 nebst
900 4117 1009 4186 Beilage
1024 4123 1052 4181 1;
1071 4117 1199 4185 Wetzold,
1218 4119 1268 4172 Die
1280 4117 1360 4172 Wahl
1373 4117 1523 4173 Friedrichs
1533 4119 1571 4181 1.;

394 4185 563 4241 Giesebreoht
571 4186 617 4251 IV,
627 4191 679 4240 380
686 4187 703 4241 f.
714 4188 791 4240 nebst
800 4189 893 4252 Anm.;
905 4188 1006 4254 Petere,
1016 4187 1095 4241 Wahl
1104 4187 1353 4242 Kaiserlhledrichs
1360 4189 1381 4242 I.
1389 4189 1505 4257 OEorsoh.
1513 4189 1571 4254 XX,

394 4258 517 4323 45311.);
543 4257 681 4321 Weiland,
705 4248 778 4311 Uber
803 4257 845 4311 die
871 4258 1015 4312 deutschen
1035 4257 1236 4327 Kiiuigsushlen
1256 4260 1291 4313 im
1313 4264 1353 4314 12.
1372 4276 1397 4314 u.
1420 4265 1460 4315 13.
1479 4259 1570 4314 Jahrh.

393 4329 526 4396 (ibidem);
544 4327 640 4394 Hasse,
658 4327 781 4382 Erhebnn
812 4325 900 4397 Kdnig
911 4328 1061 4382 hbiedriohs
1072 4329 1096 4383 1.
1115 4329 1196 4398 (Hist.
1208 4329 1454 4398 Untersuchungen,
1473 4331 1572 4384 Amold

396 4397 505 4451 Schifer
522 4398 664 4466 gewidmet
684 4402 760 4465 1882,
779 4345 805 4453 S.
825 4402 877 4452 3111
896 4399 949 4464 ff.);
968 4399 1159 4523 Varreutrapp,
1179 4399 1230 4452 Zur
1248 4399 1343 4454 Gesch.
1364 4400 1410 4453 der
1427 4401 1573 4455 Kaiserzeit

396 4470 424 4522 in
442 4468 534 4536 Sybels
552 4468 623 4522 Hist.
643 4468 769 4522 Zeitschr.
789 4469 814 4523 S.
834 4473 886 4523 4115
904 4470 946 4534 ff.;
965 4469 1084 4536 Nitzsch,
1129 4469 1197 4523 esch.
1217 4470 1241 4523 d.
1262 4471 1405 4524 deutschen
1423 4469 1520 4524 Vollres
1537 4471 1572 4536 ll,

398 4543 464 4604 2‘283
484 4539 703 4591 Maureubrecher
721 4538 970 4594 1110816111.
992 4540 1032 4606 *1)
1051 4541 1097 4594 lch
1116 4541 1216 4594 datiere
1234 4541 1302 4594 uach
1320 4541 1428 4610 Stumpl
1443 4559 1483 4595 ur.
1496 4545 1572 4596 3620.
