3617 5284
1389 527 1431 590 63

252 697 370 762 ratione
392 698 492 781 prim,
516 697 569 780 qui
591 699 624 762 in
647 699 765 763 servilii
788 697 950 762 devotione
971 698 1157 762 exstiterunt
1177 718 1239 762 non
1254 697 1431 771 norissimi3

250 785 314 847 sint
336 784 479 848 omnibus
502 785 642 867 exemplo
664 785 696 848 in
720 785 824 848 debita
846 782 963 848 servitii
984 783 1191 867 responsione,
1213 784 1267 866 qui
1288 784 1432 848 omnibus

252 870 467 952 praestantia
490 873 613 934 servata
634 869 706 934 fidei
727 869 889 952 religione3
914 869 977 933 sint
999 869 1140 933 omnium
1161 869 1324 934 civitatum
1346 870 1432 934 habi-

253 959 368 1020 tatores
389 955 493 1036 regiae
526 955 755 1021 munificentiae
784 974 838 1038 spe
867 955 1035 1030 laetificati,
1068 974 1165 1037 qnam
1186 955 1431 1020 wormatienses

251 1040 319 1125 ipsa
340 1060 374 1105 re
397 1043 472 1104 sunt
493 1041 665 1114 consecuti;
699 1041 821 1106 discant
842 1059 950 1105 omncs
971 1041 1037 1123 regi
1061 1059 1183 1105 servare
1208 1043 1342 1106 istorum
1363 1041 1432 1105 lmi-

252 1127 370 1191 tatione
392 1127 583 1203 fidehtatem
607 1127 660 1208 qui
681 1127 713 1189 in
735 1127 866 1192 istorum
889 1125 1025 1191 utilitate
1047 1126 1130 1208 regis
1145 1129 1278 1211 probant
1292 1127 1432 1208 benigni·

252 1213 367 1277 tatem!
400 1211 487 1291 Quae
518 1213 644 1294 quidem
670 1213 790 1277 utilitas
812 1212 920 1296 paucis
942 1211 1043 1277 verbis
1065 1213 1345 1296 comprehenditur,
1377 1212 1433 1276 sed

252 1297 283 1361 in
304 1299 443 1381 ipsorum
479 1298 722 1363 consideratione
754 1318 816 1363 non
848 1298 941 1372 levis,
978 1298 1032 1362 sed
1065 1301 1155 1380 grata
1187 1301 1219 1363 st
1246 1298 1433 1363 honorabilis

253 1386 460 1467 computatur.
503 1384 672 1448 Teloncurn
688 1384 850 1467 siquidem,
873 1383 956 1466 quod
977 1384 1010 1447 in
1032 1383 1189 1448 teutonica
1210 1384 1318 1465 lingua
1338 1383 1433 1447 inter-

253 1472 413 1552 pretatum
435 1471 560 1546 estaol,
594 1470 677 1551 quod
698 1470 731 1534 in
753 1469 896 1535 omnibus
925 1469 1000 1534 locis
1026 1469 1129 1550 regiae
1156 1469 1303 1553 potestati
1333 1469 1432 1550 assig-

252 1555 345 1631 natis,
367 1555 510 1619 videlicet
524 1555 783 1634 Franchenevurt,
806 1556 974 1639 Boparten‚
988 1555 1198 1631 Hamcrstein‚
1224 1555 1432 1630 Drntmunne,

253 1641 400 1710 Goslaric.
424 1643 554 1722 Angere,
584 1641 707 1714 iudei*)
738 1646 769 1706 et
791 1641 904 1707 coeteri
926 1641 1171 1706 Wormatiensos
1194 1642 1312 1706 solvere
1345 1659 1433 1724 prae-

253 1730 411 1791 tereuntes
439 1727 535 1792 debili
563 1729 660 1803 erant,
682 1727 970 1804 Wormatiensibus,
1003 1747 1042 1791 ne
1065 1728 1197 1792 ulterius
1227 1728 1349 1791 solvant
1378 1727 1433 1802 nol,

253 1813 437 1888 remisimus,
470 1813 502 1876 in
532 1813 706 1896 principum
733 1817 921 1888 nostrornm,
955 1813 1071 1877 scilicet
1092 1813 1261 1877 Liemmari
1282 1812 1433 1876 Hamma-

252 1898 414 1980 burgensis
443 1899 681 1982 metropohtani,
716 1899 849 1964 Ebbonis
879 1898 1156 1980 Nuimbnrgensis,
1187 1898 1340 1962 Dioderioi
1363 1898 1434 1961 Vir-

253 1983 409 2061 duneusis,
438 1985 622 2048 Herimanni
643 1984 920 2066 Babenbergonsis,
954 1984 1125 2048 Burchardi
1147 1984 1330 2048 Basiliensis
1353 1983 1433 2068 spis·

252 2089 398 2152 coporum
420 2074 674 2152 coeterorumque
696 2071 834 2135 fidelium
855 2069 971 2134 Christi
994 2072 1233 2151 nostrorumque
1255 2069 1433 2152 praesentia

251 2155 452 2220 firmavimus.
510 2155 613 2234 Quam
639 2155 847 2220 firmationem
880 2175 975 2239 super
1007 2155 1139 2238 praefati
1172 2156 1219 2219 zol
1251 2154 1433 2219 remissione

250 2241 366 2305 factam
390 2243 425 2304 ut
445 2241 552 2305 nullus
575 2259 789 2306 successorum
812 2243 990 2306 nostrorum
1005 2240 1148 2305 videlicet
1168 2260 1280 2323 regum
1295 2260 1352 2304 sou
1373 2241 1432 2304 irn-

251 2329 430 2409 peratorum
463 2327 620 2392 infirmare
652 2328 734 2400 velit,
766 2347 913 2410 rogamus
936 2330 969 2390 et
1010 2347 1044 2390 ro
1077 2325 1126 2390 sui
1159 2327 1233 2391 lacti
1266 2326 1432 2390 cuiuslibet

253 2413 388 2496 optanda
410 2413 579 2477 stabilitate
606 2413 788 2494 obhgamus,
822 2413 883 2496 qui,
918 2348 1009 2494 quui
1030 2410 1118 2488 absit,
1151 2413 1184 2476 in
1213 2432 1274 2494 quo
1302 2431 1359 2476 nos
1386 2411 1434 2476 in-

253 2498 365 2574 firmat,
393 2517 426 2562 se
455 2501 486 2561 et
509 2499 591 2580 qnod
614 2498 720 2564 lecerit
741 2499 891 2563 infirmari
920 2499 1034 2562 credat.
1087 2497 1178 2562 Hanc
1207 2498 1304 2579 igitur
1330 2499 1434 2562 firma-

255 2583 379 2658 tionem,
403 2586 438 2646 ut
458 2583 540 2648 infra
562 2584 692 2662 videtur,
714 2588 822 2649 nostra
844 2604 940 2648 manu
963 2584 995 2647 in
1017 2583 1076 2647 hac
1098 2586 1192 2659 carta,
1221 2603 1316 2665 quam
1340 2584 1432 2647 scribi

252 2755 465 2836 generationis,
496 2759 562 2820 tarn
584 2757 708 2821 futurae
735 2777 829 2838 quam
853 2755 1033 2840 praesentis,
1066 2754 1194 2819 notitiae
1216 2754 1432 2836 relinquimus.

337 2840 469 2922 Signum
491 2841 596 2906 domni
617 2841 754 2907 Heiurioi
777 2842 880 2924 quarti
909 2840 991 2923 regis
1020 2840 1188 2905 humillimi
1210 2843 1243 2907 et
1263 2839 1345 2904 invio
1368 2840 1427 2924 (Μ)

254 2925 374 2990 tissimi.
418 2927 465 3009 (L.
489 2927 532 3011 S.)

337 3012 488 3076 Adalbero
510 3013 712 3078 cancellarius
736 3014 800 3077 vioe
817 3011 961 3094 Sigcfridi
977 3011 1237 3077 archicancellarii
1259 3011 1431 3092 recognovi.

337 3097 420 3162 Data
448 3101 495 3162 est
523 3099 581 3162 XV
602 3100 751 3162 kalendas
781 3097 949 3169 Februarii,
982 3116 1063 3161 anno
1092 3097 1263 3163 dominicae
1292 3096 1434 3160 incarna-

252 3183 343 3247 tionis
367 3183 529 3249 millasimo
553 3183 695 3256 LXXIII,
716 3184 883 3248 indictione
906 3183 973 3258 XX,
997 3203 1077 3247 anno
1100 3186 1207 3248 autem
1229 3182 1432 3248 ordinationis

252 3269 357 3332 domui
378 3268 514 3332 Heinrioi
536 3270 601 3333 1111
624 3270 704 3351 regis
736 3269 872 3345 XVIIII,
901 3269 989 3350 regni
1010 3289 1081 3334 vero
1104 3269 1203 3334 XVII.
1247 3270 1362 3332 Actum
1384 3270 1434 3332 ost

249 3355 428 3418 WormatIe.
471 3355 613 3420 Fehoiter
635 3355 668 3419 in
691 3355 750 3420 Dei
771 3355 897 3420 nomine
920 3373 1020 3419 amen.

252 3508 383 3574 cessisset,
401 3509 659 3579 comprehendissent
676 3513 703 3564 et
722 3511 838 3565 vinctum
856 3511 880 3564 ei
899 3510 1042 3564 misissent.
1075 3509 1199 3563 Venienti
1219 3525 1280 3578 ergo
1299 3509 1323 3563 ei
1335 3510 1431 3564 armati

252 3579 428 3650 instructique
451 3580 553 3634 obviarn
583 3581 735 3652 procedunt,
763 3599 814 3635 non
840 3581 874 3634 ad
899 3581 950 3634 vim
973 3581 1128 3646 faciendam,
1158 3579 1203 3633 sed
1229 3584 1267 3647 nt,
1294 3584 1435 3651 conspecta

253 3667 341 3704 eorum
359 3649 544 3716 mundarias,
564 3669 745 3722 armorumque
766 3655 911 3722 apparatu,
937 3650 1117 3721 expeditorum
1135 3650 1257 3704 iuvenum
1333 3651 1432 3718 nentia,

254 3721 482 3788 animadverteret,
506 3722 532 3775 in
558 3722 647 3776 arduis
673 3724 751 3776 rebus
775 3724 830 3775 suis
856 3725 984 3792 quantum
1003 3722 1058 3792 spei
1076 3722 1104 3775 in
1123 3721 1161 3774 eis
1178 3737 1273 3792 ponere
1291 3722 1324 3775 de
1342 3722 1433 3778 uisset.

254 3791 366 3862 Operam
384 3807 458 3845 suam
480 3793 591 3860 benigne
604 3793 741 3864 spondent,
761 3793 943 3846 iusiurandum
962 3792 1035 3857 dant,
1062 3795 1218 3862 sumptus
1242 3792 1282 3845 ad
1306 3792 1433 3846 bellum

255 3861 571 3916 administrandum
602 3880 636 3917 ex
667 3881 727 3916 sua
752 3879 787 3917 rs
813 3863 989 3916 familiari
1018 3862 1115 3932 singuli
1143 3879 1190 3945 pro
1218 3862 1288 3916 virili
1315 3862 1434 3932 portione

252 3933 426 3998 offerunt,
445 3937 473 3987 et
491 3935 577 4002 quoad
595 3935 686 3988 vivont
703 3951 749 4005 pro
769 3933 865 3987 honore
883 3933 940 3987 eiras
953 3933 1045 3987 devote
1057 3950 1085 3986 se
1096 3933 1259 3986 mihtaturos
1270 3933 1433 3987 confirmant.

255 4004 299 4057 Ita
317 4021 361 4058 rex
379 4003 488 4058 civitate
506 4005 683 4058 munitissima
703 4005 813 4075 potitus,
835 4005 903 4058 hanc
922 4004 1046 4074 deinceps
1064 4003 1128 4058 belli
1145 4003 1243 4069 sedam,
1266 4004 1336 4057 hanc
1359 4005 1434 4072 regni

257 4091 351 4140 arcam,
371 4075 448 4141 hanc,
467 4078 555 4128 uteum
576 4093 608 4128 ue
627 4092 668 4128 res
687 4075 852 4142 cecidissent,
871 4074 1036 4129 tutissimum
1048 4074 1143 4128 asilum
1161 4073 1257 4127 habere
1275 4074 1368 4144 eoepIt.

346 4147 370 4214 *J
398 4145 491 4199 Haben
515 4093 648 4200 uieiieicht
671 4146 737 4200 auch
758 4145 800 4200 die
817 4145 905 4200 Juden
928 4145 970 4198 die
995 4144 1136 4199 hesondero
1162 4143 1236 4197 Huld
1263 4144 1308 4198 des
1333 4143 1435 4213 Kdnigs

255 4217 396 4282 eruorbon,
414 4215 502 4270 indam
521 4217 571 4270 sle
589 4216 750 4270 namentlich
766 4217 820 4270 ihm
835 4215 1058 4271 Geldvorsohbsse
1069 4214 1214 4269 machten?
1233 4215 1295 4283 (vgl.
1310 4215 1435 4269 lambert

254 4289 333 4340 oben:
360 4290 481 4411 sumptus
504 4286 538 4340 ad
556 4287 654 4340 bellurn
674 4287 913 4341 administrandum
933 4328 939 4340 .
960 4327 966 4340 .
987 4329 993 4341 .
1012 4286 1144 4355 otlamnt).
1180 4285 1238 4338 Hat
1255 4301 1284 4338 es
1301 4285 1435 4340 vielleieht

255 4357 396 4411 densslben
439 4357 515 4422 rund,
535 4361 609 4412 wsn'n
628 4357 670 4412 die
681 4358 769 4412 Juden
787 4358 816 4411 in
834 4358 881 4412 der
898 4356 1242 4424 Reiehsfriedenssinignng
1253 4373 1311 4409 vom
1322 4355 1349 4409 J.
1365 4361 1433 4411 1103

254 4431 286 4495 (s.
299 4427 766 4483 Nr.xvl111untcrdicbofriedeten
779 4429 910 4482 Personen
923 4428 1120 4497 anlgsnommen
1134 4426 1246 4492 werden,
1263 4426 1386 4480 whhrand
1397 4427 1435 4481 sie

252 4497 281 4552 in
294 4497 353 4552 dem
368 4498 424 4552 sich
437 4498 533 4552 darauf
543 4499 714 4568 gmndsndcn
725 4498 922 4554 schwtbischen
932 4497 1108 4552 Landlrisdsn
1122 4499 1153 4567 (s.
1163 4497 1277 4566 Anhang
1287 4507 1315 4566 o)
1325 4496 1434 4551 lshlen?
