3617 5284
372 515 415 578 24

377 705 511 768 quorum
525 683 782 750 consuetudinem
799 684 1053 767 [imperatorum]
1060 685 1081 736 ⁸)
1103 701 1159 766 pro
1174 683 1296 748 iustitio
1317 686 1350 748 ct
1370 701 1445 766 poce
1467 684 1554 764 regni

375 771 587 854 componenda
608 770 796 846 sederemus,
818 770 923 834 omnia
946 788 1026 852 quae
1049 767 1088 832 ad
1110 770 1257 832 honorem
1273 768 1394 852 imperii
1416 771 1555 852 spectare

376 857 520 921 videntur
542 857 672 920 sollicite
687 855 880 936 indagantes,
902 854 1194 937 pemitiosissimem
1215 858 1336 937 pestem
1359 859 1391 920 et
1411 856 1455 919 rei
1477 855 1555 938 pub-

374 944 432 1007 lice
454 962 517 1006 non
538 942 693 1006 mediocre
715 941 939 1005 detrimentum
962 940 1146 1005 inferentem
1169 959 1305 1004 resecare
1327 942 1553 1025 proposuimus.

372 1029 433 1092 Por
454 1029 573 1092 multas
587 1028 671 1091 enim
693 1026 959 1110 interpellationes
982 1026 1022 1090 ad
1045 1045 1100 1090 nos
1122 1026 1220 1090 iactas
1244 1025 1416 1102 didicimus,
1438 1026 1553 1090 milites

371 1113 521 1178 beneficio
546 1112 664 1196 possim
692 1112 883 1188 distrahere,
917 1131 953 1176 ac
980 1112 1026 1176 ita
1052 1112 1196 1176 omuibus
1219 1112 1394 1189 exhaustis,
1424 1131 1551 1176 suorum

372 1201 530 1264 seniorum
556 1199 683 1264 servitia
711 1197 942 1279 subterfugerc3
970 1217 1026 1280 per
1054 1197 1137 1279 quod
1164 1198 1246 1262 vires
1275 1198 1397 1281 imperii
1419 1199 1553 1262 maxime

373 1289 552 1349 attenuatas
573 1284 785 1366 cognovimus,
807 1284 882 1346 dum
898 1301 1041 1367 proceres
1062 1283 1161 1347 nostri
1183 1283 1299 1347 milites
1322 1303 1394 1348 suos
1410 1284 1553 1348 omnibus

372 1371 530 1434 beneficiis
560 1374 669 1434 exutos
700 1369 739 1432 ed
769 1368 891 1433 felicem
921 1370 1020 1434 nostri
1048 1369 1182 1432 nominis
1205 1369 1430 1452 expeditionem
1452 1371 1554 1433 hans·

373 1457 484 1521 ducere
507 1475 569 1520 non
591 1456 724 1520 valeant.
768 1455 904 1518 Hortatu
928 1455 1033 1536 itaque
1065 1459 1160 1536 atque
1193 1455 1320 1519 oonsilio
1354 1455 1554 1538 archiepisco-

372 1560 483 1624 porum
499 1541 751 1625 [episcoporum]
760 1543 790 1616 ⁸),
803 1540 927 1617 ducum,
939 1541 1164 1616 marchionum,
1175 1541 1325 1604 comitum
1336 1541 1553 1623 palatinorum,

371 1632 607 1709 ceterorumque
621 1626 834 1702 nobilium,
856 1627 952 1690 simul
972 1629 1004 1690 et
1019 1625 1265 1701 iudicum,haeo
1286 1626 1409 1690 edictali
1431 1626 1499 1708 lege
1521 1627 1553 1690 in

372 1732 465 1777 evum
487 1713 553 1777 Deo
575 1712 708 1797 propitio
731 1711 864 1775 valitura
886 1712 1089 1786 decernimus,
1112 1712 1261 1776 nemini
1284 1711 1412 1776 licere
1435 1713 1554 1776 bene-

371 1799 469 1862 ficia
502 1817 575 1880 que
605 1817 625 1862 a
650 1798 736 1861 suis
765 1798 995 1861 senioribus
1028 1797 1166 1873 habet,
1200 1797 1350 1880 absque
1378 1797 1553 1881 ipsorum

371 1884 574 1967 permissu
607 1883 861 1958 distrahere,
893 1884 956 1948 uel
990 1883 1156 1964 aliquod
1185 1884 1459 1948 commertium
1488 1884 1554 1947 ad-

372 1988 513 2034 versus
556 1971 733 2034 tenorem
768 1970 911 2033 nostre
948 1969 1266 2032 constitutionis
1304 1970 1553 2050 excogitare,

371 2074 440 2138 per
469 2055 575 2137 quod
604 2053 763 2137 imperii
791 2054 854 2118 vel
883 2052 1277 2118 dominii'minuatur
1298 2055 1474 2118 utilitas.
1519 2055 1553 2120 Si

373 2141 444 2222 quis
473 2140 545 2204 vero
576 2145 683 2204 contra
712 2139 916 2203 saluberrima
944 2142 1049 2204 nostre
1077 2139 1308 2204 constitutIonis
1330 2145 1493 2224 praecepta
1515 2141 1554 2204 ed

375 2225 555 2290 huiusmodi
569 2225 713 2290 illicitum
728 2226 946 2289 commertium
961 2225 1133 2302 accesserit,
1155 2225 1205 2290 uel
1221 2225 1337 2307 aliquid
1359 2227 1392 2289 in
1414 2225 1556 2290 fraudem

372 2313 451 2393 legis
472 2310 645 2376 machinari
668 2311 875 2394 temptaverit,
898 2313 997 2394 pretio
1014 2329 1050 2374 ao
1064 2311 1211 2375 beneficio
1233 2329 1266 2374 se
1290 2312 1461 2376 cariturum
1483 2332 1555 2394 cog-

371 2403 489 2462 noscat.
534 2397 678 2461 Notarius
700 2415 772 2461 uero
795 2396 849 2477 qni
872 2415 966 2480 super
987 2396 1042 2460 tali
1066 2398 1228 2461 contractu
1243 2397 1383 2460 libellum
1398 2399 1447 2462 vel
1470 2398 1553 2462 aliud

372 2484 618 2547 instrumentum
651 2481 904 2564 conscripserint,
937 2485 1008 2566 post
1043 2482 1273 2547 ammissionem
1309 2482 1401 2547 officii
1427 2483 1554 2547 infamio

251 2623 257 2635 .
372 2569 546 2651 periculum
573 2569 729 2632 sustinere
758 2568 943 2632 sanccimus.
985 2567 1069 2632 Data
1097 2568 1146 2632 dic
1170 2570 1197 2632 6.
1220 2568 1338 2633 mensis
1360 2567 1552 2646 Novembris,

372 2653 538 2720 indictione
563 2657 611 2718 15.

858 2777 1027 2784 ——--.——..-
1030 2777 1065 2785 —

374 2912 410 2997 l.
442 2912 608 2998 lcireibeu
633 2910 691 2997 der
716 2865 774 2996 ari
796 2909 864 2996 len
890 2909 1081 3016 lenburgo
1106 2909 1292 3016 beiohsloge
1316 2913 1553 3000 normandiae

376 3029 510 3116 lirsten
537 3052 577 3116 ar
606 3029 665 3116 don
690 3028 874 3114 lintiscioi
894 3027 1017 3113 lornl
1040 3028 1064 3113 l.
1089 3051 1146 3112 ron
1168 3027 1332 3134 birburg,
1357 3031 1416 3118 ilai
1434 3029 1553 3133 nau)

746 3173 833 3243 (leffe,
853 3175 1021 3229 Bibliotheca
1037 3172 1070 3241 V,
1091 3178 1141 3229 529
1161 3174 1190 3243 i.)

463 3292 540 3361 [Otto
564 3291 631 3346 Fris.
658 3291 754 3347 Chron.
772 3291 839 3360 VII,
858 3297 905 3347 23:
930 3291 1065 3348 Conradus
1091 3309 1135 3346 rex
1157 3292 1185 3345 in
1210 3294 1377 3362 pentecosten
1401 3292 1501 3346 curiam
1525 3293 1552 3346 in
1662 3281 1665 3286 ¹

373 3364 493 3432 praelata
510 3362 619 3416 civitate
637 3362 807 3431 (Bamberg),
835 3367 866 3417 ut
884 3363 1033 3416 condictum
1052 3365 1118 3428 erat,
1137 3379 1195 3416 cum
1214 3363 1325 3416 maximo
1344 3363 1418 3432 regni
1437 3363 1553 3432 fastigio,

374 3434 488 3486 marimo
505 3436 633 3487 conventu
662 3433 809 3504 principum
830 3433 940 3499 hebuit,
966 3433 1021 3487 ubi
1047 3449 1159 3486 omnes
1184 3433 1335 3486 Saxones
1358 3433 1459 3486 simul
1483 3451 1553 3487 cunr

370 3503 527 3557 viduata
551 3503 774 3574 imperatrice
799 3505 995 3570 venientes,
1024 3504 1118 3558 ultro
1145 3519 1179 3558 se
1206 3519 1289 3558 suas
1317 3503 1449 3557 ditioni
1478 3505 1555 3558 sub·

372 3573 496 3630 didere.
542 3574 687 3628 Canonicus
715 3574 941 3643 wissegradensis
968 3574 1044 3630 Cont
1071 3574 1155 3629 Coena.
1183 3574 1230 3642 (M.
1254 3572 1287 3629 G.
1306 3573 1332 3629 S.
1352 3573 1378 3628 S.
1396 3574 1450 3640 lx,
1477 3575 1554 3644 lob:

372 3642 469 3698 Omnes
487 3643 618 3715 principes
636 3649 664 3697 et
682 3645 778 3714 quique
796 3645 923 3715 primates
943 3661 974 3698 ec
991 3645 1135 3698 familiares
1154 3644 1226 3712 regui
1247 3645 1287 3698 sui
1307 3647 1469 3710 statuerunt,
1489 3662 1552 3715 quia-

372 3717 450 3768 tenus
467 3715 496 3769 in
513 3719 606 3768 sancta
624 3714 791 3769 solemnitate
809 3715 1001 3785 penthecostes,
1020 3715 1090 3785 quod
1109 3719 1168 3769 erat
1184 3721 1222 3769 11.
1236 3714 1296 3770 Kal.
1314 3715 1388 3781 Jun.,
1407 3715 1506 3769 curiam
1526 3720 1554 3770 et

372 3785 510 3838 concilium
529 3785 660 3838 Bambcrlr
678 3785 706 3839 in
724 3786 832 3839 civitate
851 3787 982 3852 facerent,
1001 3790 1029 3839 et
1047 3790 1077 3840 ut
1095 3802 1184 3838 omnes
1203 3786 1237 3838 ad
1255 3802 1366 3856 regnum
1386 3803 1464 3840 suum
1483 3803 1554 3856 spec

329 3888 333 3894 ·
371 3858 460 3909 tantos
478 3855 575 3909 ibidem
588 3855 615 3908 in
628 3855 762 3925 praedicto
775 3860 892 3926 tempore
904 3857 1068 3922 conveniant,
1087 3858 1115 3910 st
1132 3859 1170 3908 ut
1187 3855 1321 3910 electio
1340 3873 1400 3910 sua
1419 3857 1492 3938 pari
1502 3862 1554 3911 tor

370 3927 653 3980 corroboraretur
665 3927 705 3979 ab
717 3926 804 3980 omni
813 3927 881 3994 bus,
894 3930 924 3981 et
934 3927 1051 3995 insignia
1063 3925 1163 3994 regalis
1175 3943 1261 3980 coram
1274 3926 1377 3980 crunctis
1391 3927 1555 3996 principibus

370 4013 388 4048 a
405 3996 597 4066 Ratisponenee
615 3995 680 4049 duce
697 3996 748 4049 reci
782 4002 881 4052 rentur.
908 4029 940 4036 —
960 3996 1108 4051 Bernhardi
1128 4000 1259 4050 vermutet
1277 3997 1304 4050 in
1325 3996 1423 4050 diesem
1444 3997 1553 4051 Berieht

370 4066 428 4120 eine
446 4067 498 4121 Art
514 4067 623 4134 Auszug
639 4066 686 4119 des
704 4065 754 4120 Ein
766 4066 1021 4136 adungsschreibens
1041 4084 1099 4121 zum
1117 4067 1279 4136 Bamberger
1298 4067 1480 4138 Reiclretage.]

457 4167 634 4232 Venerabili
669 4168 793 4231 domino
821 4167 990 4251 Olourado)
1019 4167 1078 4231 Dei
1107 4167 1209 4248 gratia
1240 4167 1478 4250 salsburgensis
1506 4187 1554 4232 ec

369 4252 481 4317 clesiae
514 4253 740 4336 archiepiscopo
770 4253 1019 4336 Tlheodeuinus)
1053 4255 1179 4317 sanotae
1210 4254 1373 4318 Romanae
1408 4254 1553 4320 eeclesiae

377 4361 553 4456 *al-rou
571 4391 647 4444 Perta
666 4408 714 4444 aue
732 4391 783 4444 den
801 4391 915 4446 anderen
933 4390 1140 4445 Handschristeu
1160 4389 1362 4458 eingescheltet.

457 4461 482 4528 *)
500 4459 569 4514 June
587 4461 648 4530 gibt
665 4460 737 4516 diose
748 4461 875 4517 Urhnnde
892 4461 961 4516 nach
980 4459 1116 4517 derselben
1128 4461 1318 4530 Handschrift,
1337 4461 1385 4516 wie
1399 4461 1447 4516 Νι.
1460 4461 1506 4530 VI,
1527 4462 1553 4516 b.
