3617 5284
1377 580 1439 650 195

264 756 360 836 derat,
371 755 529 822 certiorari
538 757 647 840 poesis.
679 756 800 838 Exque
813 759 920 821 autem
931 757 1073 822 leetioam
1085 755 1231 833 aseendit,
1244 756 1441 838 aliquatenus

262 843 386 908 ridetur
406 843 612 920 eonfortetur,
633 843 707 908 lieet
729 842 831 907 adhu'o
851 843 985 907 nimium
1007 843 1188 918 infestetur}
1211 841 1440 925 aliquantulum

263 928 420 994 interdum
449 930 569 1012 quierit
596 929 730 1007 romine,
759 930 791 994 et
812 933 925 1012 sponte
947 928 1083 994 naturali
1104 929 1249 1012 purgatio
1272 932 1441 1012 reparatur.

263 1015 518 1080 wintoniensis-l
539 1017 571 1080 et
592 1016 852 1092 Dunelmensisll
886 1017 923 1079 ut
955 1014 1057 1092 aiunt,
1095 1015 1121 1079 si
1145 1013 1315 1080 Octaviano
1337 1013 1442 1098 palam

263 1101 476 1184 auderentpro
483 1104 553 1167 voto
561 1099 732 1183 suffragari,
743 1101 875 1166 libenter
881 1101 1028 1166 oederent
1038 1102 1070 1165 in
1078 1103 1200 1184 partem
1210 1100 1285 1165 eius.
1301 1101 1443 1164 lloontra

262 1187 465 1252 Eboraoensis
477 1190 509 1252 et
522 1187 736 1252 thesaurarius
750 1189 858 1252 noster
871 1186 978 1252 fovent
992 1187 1066 1252 totis
1081 1185 1198 1252 viribus
1212 1185 1441 1258 Alexandrum:

263 1293 325 1338 non
338 1275 446 1338 tamen
460 1274 518 1338 soli
533 1275 616 1349 sunt
639 1274 787 1355 quoniam
799 1291 872 1356 pars
887 1274 964 1338 haee
978 1273 1119 1357 pluribus
1141 1277 1189 1337 est
1211 1275 1243 1336 et
1264 1271 1442 1337 melioribus

264 1365 397 1444 eeoepta,
419 1359 474 1424 sed
496 1379 566 1424 eam
588 1359 803 1424 vehementius
824 1362 962 1424 tuentur.

261 1631 332 1718 lll.
368 1629 767 1719 tosanltsolallsborioht'
782 1630 839 1718 los
872 1631 1081 1718 laurlioloa
1108 1629 1224 1718 lotam
1249 1653 1280 1717 ι.
1306 1629 1445 1738 laplans

596 1748 769 1849 lutheri,
792 1749 881 1835 lale
900 1749 974 1836 lor.
988 1749 1107 1852 horr)

571 1865 739 1936 (Sudandorf,
756 1867 910 1936 Registram
928 1867 965 1936 Π,
985 1869 1145 1933 134-139.)

349 1967 484 2033 Domino
506 1969 539 2031 et
560 1967 643 2050 patri
664 1986 722 2032 suo
743 1967 885 2052 Nylrolao
908 1967 1075 2033 venerabili
1098 1967 1202 2033 abbati
1218 1966 1444 2048 sigebergensi,

265 2053 493 2138 B(arohardus)
505 2051 696 2119 Coloniensis
707 2053 946 2138 porfirogenitus
963 2057 995 2118 et
1009 2053 1185 2137 primitivos
1199 2053 1292 2130 filius,
1310 2052 1444 2117 salutem
1538 2077 1540 2082 ·

265 2141 298 2202 et
320 2139 469 2222 quiequid
490 2141 539 2204 est
560 2139 702 2204 mirabile
722 2139 756 2204 in
778 2140 876 2205 oeulis
898 2139 1022 2204 nostris.

350 2223 506 2304 Quoniam
522 2224 719 2289 devotionem
732 2224 1010 2290 desiderantissimi
1024 2225 1122 2308 patris
1137 2225 1235 2289 latere
1250 2243 1313 2288 non
1329 2222 1445 2288 debent

265 2309 385 2376 labores
400 2310 456 2375 filii
471 2310 633 2388 exulantis,
656 2329 861 2393 quaeeunque
875 2311 909 2374 in
930 2310 1085 2393 legatione
1108 2311 1225 2375 domini
1246 2309 1443 2393 imperatoris

263 2396 341 2460 mihi
371 2415 390 2460 a
417 2397 496 2460 festo
525 2396 610 2461 beati
638 2396 800 2462 Michaelis
829 2415 931 2479 usque
960 2396 999 2461 ad
1025 2397 1225 2462 nativitatem
1255 2395 1371 2460 domini
1394 2413 1444 2460 ao-

264 2480 415 2559 oiderunt,
443 2481 529 2547 vobis
544 2481 678 2546 breviter
691 2482 826 2566 figurare
841 2482 972 2565 dignum
994 2482 1075 2546 duri.
1111 2483 1224 2564 Itaque
1245 2501 1325 2546 novo
1346 2481 1444 2565 patri·

264 2568 567 2650 arohahqnileiense
583 2568 622 2631 od
641 2568 761 2634 auriam
781 2569 939 2652 perducto,
960 2587 1016 2668 per
1040 2568 1202 2634 dominum
1223 2567 1443 2651 imperatorem

263 2654 421 2736 regalibus
441 2653 604 2730 investito,
633 2672 706 2718 oum
727 2655 976 2739 sponsionem'er
999 2654 1141 2732 fedsset,
1163 2673 1197 2719 se
1219 2652 1343 2718 domino
1365 2671 1445 2737 pape

264 2739 387 2805 Viotore
410 2739 608 2804 obedituram
636 2742 669 2803 et
690 2740 729 2804 ad
751 2741 863 2824 ipsum·
878 2759 913 2805 se
936 2741 1044 2805 statim
1065 2740 1201 2818 iturum,
1229 2738 1445 2804 infirmitatem

265 2827 425 2903 simulans,
447 2844 503 2909 per
518 2825 640 2889 Padum
656 2826 779 2909 navigio
801 2826 1002 2904 descendens,
1023 2827 1165 2908 neglecto
1187 2843 1276 2908 papa,
1299 2824 1354 2906 qui
1375 2827 1445 2888 tum

265 2911 348 2993 apud
369 2911 505 2993 Regium
525 2912 715 2987 morabatur,
735 2912 924 2996 pertransiit.
958 2913 1024 2994 Ego
1047 2913 1153 2976 summ
1176 2931 1248 2975 oum
1271 2927 1306 2976 eo
1328 2911 1445 2974 missus

264 3000 296 3060 et
327 2997 361 3060 in
392 2996 511 3078 regalia
543 2999 610 3060 tam
641 2997 873 3079 patriarohatus
906 3017 1002 3080 quam
1031 2998 1227 3082 episeopatus
1255 2995 1443 3060 Belunensis

263 3083 368 3165 ipsum
389 3082 583 3159 inducturus,
606 3101 671 3146 una
691 3101 765 3147 oum
786 3082 864 3149 duee
885 3084 1078 3161 Kariathiae,
1101 3084 1155 3165 qui
1177 3101 1306 3166 presens
1329 3082 1445 3160 aderat,

264 3167 384 3232 fortiter
405 3167 434 3232 ei
454 3167 647 3232 resistebam
691 3168 754 3234 Sed
775 3169 853 3233 nihil
873 3169 1069 3253 profecimus,
1103 3171 1382 3253 quantumounque
1405 3167 1443 3232 de

352 3307 379 3370 a)
397 3304 577 3371 winchester3
596 3305 624 3374 b)
643 3304 773 3361 Durham.

352 3376 376 3444 *)
394 3375 436 3429 Im
453 3374 568 3429 Herbats
589 3380 655 3430 1161
682 3376 778 3430 erhielt
796 3377 842 3432 der
860 3376 1015 3431 kaiserliohe
1032 3376 1118 3431 Notat
1136 3395 1162 3432 u.
1181 3375 1286 3448 Kaplan
1303 3375 1442 3430 Burahard

263 3463 312 3501 von
325 3445 394 3500 Koln
415 3447 466 3500 den
477 3446 600 3514 Auftrag‚
621 3464 654 3501 an
665 3446 804 3501 Eberhard
821 3466 845 3503 v.
859 3447 988 3517 Salaburg
1005 3447 1048 3502 ein
1060 3446 1201 3502 Sehreiben
1215 3464 1246 3500 zu
1258 3447 1382 3501 hberbrin
1402 3463 1443 3515 en,

263 3518 344 3571 werin
367 3517 415 3571 der
438 3517 557 3586 stumige
575 3516 731 3572 Embisohof
747 3519 925 3588 anigeiordert
942 3518 1046 3585 warde,
1070 3517 1190 3572 merrehn
1208 3517 1280 3586 Tage
1297 3517 1365 3572 neoh
1383 3465 1443 3572 {em

263 3589 390 3642 ntohsten
408 3587 555 3644 Osterfeste
579 3589 630 3642 mit
653 3589 738 3643 seiner
755 3589 925 3644 liannseheit
942 3589 970 3644 in
987 3590 1092 3644 Verona
1110 3588 1167 3642 sieh
1186 3588 1358 3644 einmrfinden.
1394 3589 1445 3642 Zu-

262 3658 349 3725 gleieh
361 3675 416 3712 war
427 3659 565 3713 Barchard
583 3659 744 3728 beaultragt,
763 3660 814 3714 den
832 3677 891 3714 rum
902 3659 1064 3728 Naehiolger
1076 3659 1122 3712 des
1134 3659 1306 3713 Patrisrehen
1319 3659 1443 3728 Peregrin

263 3729 407 3782 erwdhlten
425 3748 451 3785 ιι.
470 3747 529 3783 vom
540 3729 636 3784 Kaisar
645 3729 745 3784 bereits
763 3731 814 3784 mit
832 3730 891 3785 dem
903 3729 1087 3784 Patriarohate
1105 3747 1130 3784 u.
1144 3730 1203 3783 dem
1216 3729 1321 3783 Bistam
1333 3729 1444 3784 Belluno

263 3799 432 3854 investiertan
454 3799 582 3854 Udalrieh
600 3818 623 3855 v.
642 3800 759 3867 'l'reffem
789 3801 864 3866 einen
883 3800 993 3855 Sohliler
1010 3800 1179 3866 Eberhards,
1204 3800 1231 3853 in
1256 3800 1298 3854 die
1315 3800 1443 3869 Regalien

263 3869 440 3925 einzufiihren.
471 3861 543 3923 Uber
560 3870 630 3924 dieas
642 3871 753 3924 Misaion
765 3871 896 3925 beriohtst
909 3871 1047 3926 Burahard
1060 3887 1094 3924 aa
1113 3871 1163 3925 den
1181 3871 1237 3924 ihm
1255 3870 1442 3924 beireundeten

263 3939 319 3993 Abt
336 3939 383 3994 des
401 3940 701 3996 Benedilrtinerlrlosters
713 3940 842 4010 Siegburg
860 3942 903 3996 bei
914 3941 993 3997 Kbln.
1023 3940 1148 4010 Zugleioh
1166 3941 1226 4009 gibt
1243 3958 1272 3994 er
1289 3942 1346 3995 eine
1365 3941 1443 3994 lrurze

263 4009 418 4079 Mittellung
442 4011 507 4064 dber
530 4011 588 4064 eine
607 4010 814 4066 Gesandtsehalt
838 4011 884 4075 des
911 4013 1100 4082 Dompropstes
1122 4029 1171 4065 von
1198 4011 1350 4066 Pederborn
1376 4011 1443 4066 naeh

262 4079 372 4148 Ungarn
383 4098 409 4136 u.
428 4081 486 4135 eine
498 4082 671 4136 interessentes
683 4080 858 4151 Sehilderung
872 4083 919 4136 der
931 4083 1079 4152 damaligen
1111 4081 1250 4135 olitlsohen
1261 4082 1443 4152 Verhhltnisse

263 4150 389 4222 Europes.
419 4151 569 4206 Sadendorl
584 4151 634 4205 hat
651 4151 700 4205 das
715 4153 855 4207 Sehreiben
892 4153 1015 4208 ubliziert
1032 4153 1079 4207 auf
1093 4101 1189 4207 hrono
1208 4152 1343 4206 desselben
1362 4142 1444 4205 Uber·

263 4221 399 4290 lielenmg‚
415 4223 464 4276 wie
476 4222 526 4276 den
537 4221 862 4278 Gesandtsehaitsberiaht
917 4224 922 4235 '
971 4225 1002 4278 ds
1015 4242 1038 4278 v.
1053 4223 1147 4277 Dessel
1162 4241 1187 4277 u.
1199 4221 1278 4276 Ottos
1288 4240 1311 4277 ι.
1324 4222 1444 4276 Wittals·

262 4293 339 4347 baoh.
375 4293 529 4362 llingehend
554 4293 603 4346 hat
626 4293 678 4346 den
694 4293 770 4348 Briei
783 4294 934 4363 gewdrdigt
952 4294 1124 4350 Giesebraeht
1139 4293 1172 4359 V,
1195 4297 1344 4349 ara-278.
1381 4293 1442 4362 Vgl.

263 4362 485 4428 auehsehrnidt,
511 4363 562 4417 Die
579 4363 702 4432 Stellung
720 4363 766 4418 der
782 4364 951 4419 Embisohtie
969 4383 994 4420 u.
1013 4364 1060 4419 des
1077 4364 1202 4417 Erastifts
1219 4381 1243 4418 v.
1262 4362 1359 4417 Salrbu
1410 4381 1443 4417 an

263 4433 360 4488 Kirehe
369 4451 396 4488 u
405 4433 487 4488 Reieh
497 4437 575 4488 unter
584 4433 720 4488 Friedrich
729 4435 750 4490 1.
761 4452 785 4491 a
795 4452 819 4491 a.
830 4433 861 4490 0.
872 4434 899 4491 S.
908 4441 1015 4492 31-35
1024 4453 1050 4491 u.
1060 4434 1207 4505 Kap-Harr,
1222 4433 1334 4489 Abendl.
1344 4434 1381 4488 Po
1394 4434 1443 4488 'til

263 4504 484 4558 Kaiserllienuels
493 4503 520 4560 S.
532 4509 645 4560 72-74.

1214 4577 1274 4640 13*
