<?xml version="1.0" encoding="UTF-8"?>
<!DOCTYPE html PUBLIC "-//W3C//DTD XHTML 1.0 Transitional//EN"
    "http://www.w3.org/TR/xhtml1/DTD/xhtml1-transitional.dtd">
<html xmlns="http://www.w3.org/1999/xhtml" xml:lang="en" lang="en">
 <head>
  <title>
</title>
<meta http-equiv="Content-Type" content="text/html;charset=utf-8" />
  <meta name='ocr-system' content='tesseract 3.04.00' />
  <meta name='ocr-capabilities' content='ocr_page ocr_carea ocr_par ocr_line ocrx_word'/>
</head>
<body>
  <div class='ocr_page' id='page_1' title='image "./monumentagerman01dbgoog_0168.png"; bbox 0 0 3617 5284; ppageno 0'>
   <div class='ocr_carea' id='block_1_1' title="bbox 1381 581 1420 645">
    <p class='ocr_par' dir='ltr' id='par_1_1' title="bbox 1381 581 1420 645">
     <span class='ocr_line' id='line_1_1' title="bbox 1381 581 1420 645; baseline -0.026 0"><span class='ocrx_word' id='word_1_1' title='bbox 1381 581 1420 645; x_wconf 88' lang='grc'><strong>81</strong></span> 
     </span>
    </p>
   </div>
   <div class='ocr_carea' id='block_1_2' title="bbox 242 749 1442 2723">
    <p class='ocr_par' dir='ltr' id='par_1_2' title="bbox 243 749 1423 1434">
     <span class='ocr_line' id='line_1_2' title="bbox 244 749 1422 831; baseline 0.002 -19"><span class='ocrx_word' id='word_1_2' title='bbox 244 766 379 831; x_wconf 88' lang='lat' dir='ltr'><strong>cumque</strong></span> <span class='ocrx_word' id='word_1_3' title='bbox 407 749 561 814; x_wconf 81' lang='lat' dir='ltr'><strong>iustitiam</strong></span> <span class='ocrx_word' id='word_1_4' title='bbox 589 752 621 814; x_wconf 92' lang='lat' dir='ltr'><strong>et</strong></span> <span class='ocrx_word' id='word_1_5' title='bbox 649 750 797 815; x_wconf 86' lang='lat' dir='ltr'><strong>honorem</strong></span> <span class='ocrx_word' id='word_1_6' title='bbox 819 749 920 831; x_wconf 82' lang='lat' dir='ltr'><strong>Regni</strong></span> <span class='ocrx_word' id='word_1_7' title='bbox 954 751 1132 815; x_wconf 88' lang='lat' dir='ltr'><strong>conculcare</strong></span> <span class='ocrx_word' id='word_1_8' title='bbox 1161 754 1217 814; x_wconf 90' lang='lat' dir='ltr'><strong>ant</strong></span> <span class='ocrx_word' id='word_1_9' title='bbox 1243 751 1422 814; x_wconf 88' lang='lat' dir='ltr'><strong>subvertere</strong></span> 
     </span>
     <span class='ocr_line' id='line_1_3' title="bbox 244 836 1423 920; baseline 0.001 -22"><span class='ocrx_word' id='word_1_10' title='bbox 244 853 324 898; x_wconf 87' lang='lat' dir='ltr'><strong>ausu</strong></span> <span class='ocrx_word' id='word_1_11' title='bbox 346 836 510 900; x_wconf 85' lang='lat' dir='ltr'><strong>temerario</strong></span> <span class='ocrx_word' id='word_1_12' title='bbox 531 837 793 920; x_wconf 80' lang='lat' dir='ltr'>presumpserint,</span> <span class='ocrx_word' id='word_1_13' title='bbox 822 836 966 900; x_wconf 90' lang='lat' dir='ltr'><strong>dominus</strong></span> <span class='ocrx_word' id='word_1_14' title='bbox 996 855 1078 920; x_wconf 88' lang='lat' dir='ltr'><strong>papa</strong></span> <span class='ocrx_word' id='word_1_15' title='bbox 1103 855 1121 900; x_wconf 93' lang='lat' dir='ltr'><strong>a</strong></span> <span class='ocrx_word' id='word_1_16' title='bbox 1149 838 1233 918; x_wconf 86' lang='lat' dir='ltr'>regie</span> <span class='ocrx_word' id='word_1_17' title='bbox 1263 836 1423 918; x_wconf 79' lang='lat' dir='ltr'><strong>dignitatis</strong></span> 
     </span>
     <span class='ocr_line' id='line_1_4' title="bbox 246 921 1423 1005; baseline 0.002 -21"><span class='ocrx_word' id='word_1_18' title='bbox 246 921 410 985; x_wconf 79' lang='lat' dir='ltr'><strong>dilectione</strong></span> <span class='ocrx_word' id='word_1_19' title='bbox 432 923 628 1005; x_wconf 87' lang='lat' dir='ltr'><strong>premonitus</strong></span> <span class='ocrx_word' id='word_1_20' title='bbox 651 941 702 987; x_wconf 90' lang='lat' dir='ltr'><strong>eos</strong></span> <span class='ocrx_word' id='word_1_21' title='bbox 725 921 763 986; x_wconf 90' lang='lat' dir='ltr'><strong>ad</strong></span> <span class='ocrx_word' id='word_1_22' title='bbox 784 921 1027 986; x_wconf 85' lang='lat' dir='ltr'><strong>satisfactionem</strong></span> <span class='ocrx_word' id='word_1_23' title='bbox 1043 923 1186 987; x_wconf 87' lang='lat' dir='ltr'><strong>canonice</strong></span> <span class='ocrx_word' id='word_1_24' title='bbox 1202 923 1423 998; x_wconf 77' lang='lat' dir='ltr'><strong>commonebit,</strong></span> 
     </span>
     <span class='ocr_line' id='line_1_5' title="bbox 244 1007 1423 1092; baseline 0.002 -22"><span class='ocrx_word' id='word_1_25' title='bbox 244 1007 327 1089; x_wconf 90' lang='lat' dir='ltr'><strong>quod</strong></span> <span class='ocrx_word' id='word_1_26' title='bbox 356 1007 383 1071; x_wconf 92' lang='lat' dir='ltr'><strong>si</strong></span> <span class='ocrx_word' id='word_1_27' title='bbox 412 1009 479 1090; x_wconf 88' lang='lat' dir='ltr'><strong>regi</strong></span> <span class='ocrx_word' id='word_1_28' title='bbox 508 1008 547 1071; x_wconf 85' lang='lat' dir='ltr'><strong>ad</strong></span> <span class='ocrx_word' id='word_1_29' title='bbox 577 1009 777 1092; x_wconf 90' lang='lat' dir='ltr'><strong>apostolicam</strong></span> <span class='ocrx_word' id='word_1_30' title='bbox 807 1009 1060 1074; x_wconf 88' lang='lat' dir='ltr'><strong>ammonitionem</strong></span> <span class='ocrx_word' id='word_1_31' title='bbox 1090 1008 1127 1073; x_wconf 93' lang='lat' dir='ltr'><strong>de</strong></span> <span class='ocrx_word' id='word_1_32' title='bbox 1158 1009 1225 1073; x_wconf 89' lang='lat' dir='ltr'><strong>iure</strong></span> <span class='ocrx_word' id='word_1_33' title='bbox 1254 1009 1423 1073; x_wconf 92' lang='lat' dir='ltr'><strong>ethonore</strong></span> 
     </span>
     <span class='ocr_line' id='line_1_6' title="bbox 245 1093 1423 1178; baseline 0.002 -22"><span class='ocrx_word' id='word_1_34' title='bbox 245 1093 330 1174; x_wconf 87' lang='lat' dir='ltr'><strong>regio</strong></span> <span class='ocrx_word' id='word_1_35' title='bbox 358 1093 513 1157; x_wconf 89' lang='lat' dir='ltr'><strong>iustitiam</strong></span> <span class='ocrx_word' id='word_1_36' title='bbox 536 1095 679 1159; x_wconf 86' lang='lat' dir='ltr'><strong>exhibere</strong></span> <span class='ocrx_word' id='word_1_37' title='bbox 705 1094 963 1178; x_wconf 75' lang='lat' dir='ltr'><strong>contempserint,</strong></span> <span class='ocrx_word' id='word_1_38' title='bbox 999 1094 1322 1160; x_wconf 76' lang='lat' dir='ltr'><strong>excommunicationis</strong></span> <span class='ocrx_word' id='word_1_39' title='bbox 1354 1114 1423 1158; x_wconf 91' lang='lat' dir='ltr'><strong>sen-</strong></span> 
     </span>
     <span class='ocr_line' id='line_1_7' title="bbox 244 1179 1423 1265; baseline 0.002 -23"><span class='ocrx_word' id='word_1_40' title='bbox 244 1179 345 1242; x_wconf 88' lang='lat' dir='ltr'><strong>tentia</strong></span> <span class='ocrx_word' id='word_1_41' title='bbox 372 1179 568 1244; x_wconf 87' lang='lat' dir='ltr'><strong>innodentur.</strong></span> <span class='ocrx_word' id='word_1_42' title='bbox 611 1179 691 1262; x_wconf 87' lang='lat' dir='ltr'><strong>Regi</strong></span> <span class='ocrx_word' id='word_1_43' title='bbox 724 1181 819 1245; x_wconf 88' lang='lat' dir='ltr'><strong>etiam</strong></span> <span class='ocrx_word' id='word_1_44' title='bbox 853 1179 1023 1245; x_wconf 86' lang='lat' dir='ltr'><strong>Grecornm</strong></span> <span class='ocrx_word' id='word_1_45' title='bbox 1057 1199 1093 1245; x_wconf 81' lang='lat' dir='ltr'><strong>ex</strong></span> <span class='ocrx_word' id='word_1_46' title='bbox 1121 1181 1183 1244; x_wconf 86' lang='lat' dir='ltr'><strong>ista</strong></span> <span class='ocrx_word' id='word_1_47' title='bbox 1211 1187 1299 1265; x_wconf 87' lang='lat' dir='ltr'><strong>parte</strong></span> <span class='ocrx_word' id='word_1_48' title='bbox 1328 1181 1423 1245; x_wconf 90' lang='lat' dir='ltr'><strong>maris</strong></span> 
     </span>
     <span class='ocr_line' id='line_1_8' title="bbox 245 1265 1423 1351; baseline 0.002 -23"><span class='ocrx_word' id='word_1_49' title='bbox 245 1266 363 1328; x_wconf 88' lang='lat' dir='ltr'><strong>terram</strong></span> <span class='ocrx_word' id='word_1_50' title='bbox 378 1285 441 1330; x_wconf 88' lang='lat' dir='ltr'><strong>non</strong></span> <span class='ocrx_word' id='word_1_51' title='bbox 456 1266 619 1338; x_wconf 78' lang='lat' dir='ltr'><strong>concedet3</strong></span> <span class='ocrx_word' id='word_1_52' title='bbox 643 1265 726 1347; x_wconf 89' lang='lat' dir='ltr'><strong>qnod</strong></span> <span class='ocrx_word' id='word_1_53' title='bbox 741 1267 768 1330; x_wconf 88' lang='lat' dir='ltr'><strong>si</strong></span> <span class='ocrx_word' id='word_1_54' title='bbox 782 1266 835 1330; x_wconf 93' lang='lat' dir='ltr'><strong>ille</strong></span> <span class='ocrx_word' id='word_1_55' title='bbox 857 1266 1002 1330; x_wconf 85' lang='lat' dir='ltr'><strong>invadere</strong></span> <span class='ocrx_word' id='word_1_56' title='bbox 1024 1268 1257 1351; x_wconf 85' lang='lat' dir='ltr'><strong>presumpserit,</strong></span> <span class='ocrx_word' id='word_1_57' title='bbox 1280 1266 1423 1331; x_wconf 89' lang='lat' dir='ltr'><strong>dominus</strong></span> 
     </span>
     <span class='ocr_line' id='line_1_9' title="bbox 243 1351 1060 1434; baseline 0.004 -21"><span class='ocrx_word' id='word_1_58' title='bbox 243 1368 326 1434; x_wconf 90' lang='lat' dir='ltr'><strong>papa</strong></span> <span class='ocrx_word' id='word_1_59' title='bbox 348 1352 467 1416; x_wconf 89' lang='lat' dir='ltr'><strong>iuribus</strong></span> <span class='ocrx_word' id='word_1_60' title='bbox 489 1353 572 1416; x_wconf 88' lang='lat' dir='ltr'><strong>beati</strong></span> <span class='ocrx_word' id='word_1_61' title='bbox 594 1351 679 1417; x_wconf 88' lang='lat' dir='ltr'><strong>Petri</strong></span> <span class='ocrx_word' id='word_1_62' title='bbox 702 1371 774 1416; x_wconf 90' lang='lat' dir='ltr'><strong>eum</strong></span> <span class='ocrx_word' id='word_1_63' title='bbox 796 1351 909 1416; x_wconf 90' lang='lat' dir='ltr'><strong>reicere</strong></span> <span class='ocrx_word' id='word_1_64' title='bbox 932 1351 1060 1416; x_wconf 85' lang='lat' dir='ltr'><strong>curabit</strong></span> 
     </span>
    </p>

    <p class='ocr_par' dir='ltr' id='par_1_3' title="bbox 242 1437 1442 2292">
     <span class='ocr_line' id='line_1_10' title="bbox 328 1437 1424 1521; baseline 0.002 -21"><span class='ocrx_word' id='word_1_65' title='bbox 328 1437 397 1502; x_wconf 89' lang='lat' dir='ltr'><strong>Hec</strong></span> <span class='ocrx_word' id='word_1_66' title='bbox 411 1438 515 1501; x_wconf 88' lang='lat' dir='ltr'><strong>omnia</strong></span> <span class='ocrx_word' id='word_1_67' title='bbox 529 1457 566 1502; x_wconf 85' lang='lat' dir='ltr'><strong>er</strong></span> <span class='ocrx_word' id='word_1_68' title='bbox 580 1442 714 1519; x_wconf 88' lang='lat' dir='ltr'><strong>utmque</strong></span> <span class='ocrx_word' id='word_1_69' title='bbox 728 1441 817 1521; x_wconf 88' lang='lat' dir='ltr'><strong>parte</strong></span> <span class='ocrx_word' id='word_1_70' title='bbox 832 1439 898 1502; x_wconf 87' lang='lat' dir='ltr'><strong>sine</strong></span> <span class='ocrx_word' id='word_1_71' title='bbox 914 1437 1022 1502; x_wconf 86' lang='lat' dir='ltr'><strong>fraude</strong></span> <span class='ocrx_word' id='word_1_72' title='bbox 1038 1444 1070 1503; x_wconf 91' lang='lat' dir='ltr'><strong>et</strong></span> <span class='ocrx_word' id='word_1_73' title='bbox 1084 1439 1166 1503; x_wconf 87' lang='lat' dir='ltr'><strong>malo</strong></span> <span class='ocrx_word' id='word_1_74' title='bbox 1181 1439 1305 1520; x_wconf 87' lang='lat' dir='ltr'><strong>ingenio</strong></span> <span class='ocrx_word' id='word_1_75' title='bbox 1321 1457 1424 1502; x_wconf 72' lang='lat' dir='ltr'><strong>serra</strong></span> 
     </span>
     <span class='ocr_line' id='line_1_11' title="bbox 244 1521 1442 1610; baseline 0.002 -24"><span class='ocrx_word' id='word_1_76' title='bbox 244 1523 369 1599; x_wconf 90' lang='lat' dir='ltr'><strong>buntur,</strong></span> <span class='ocrx_word' id='word_1_77' title='bbox 380 1523 440 1587; x_wconf 91' lang='lat' dir='ltr'><strong>nisi</strong></span> <span class='ocrx_word' id='word_1_78' title='bbox 455 1521 533 1588; x_wconf 82' lang='lat' dir='ltr'><strong>forte</strong></span> <span class='ocrx_word' id='word_1_79' title='bbox 544 1524 640 1589; x_wconf 88' lang='lat' dir='ltr'><strong>libero</strong></span> <span class='ocrx_word' id='word_1_80' title='bbox 652 1527 684 1588; x_wconf 91' lang='lat' dir='ltr'><strong>et</strong></span> <span class='ocrx_word' id='word_1_81' title='bbox 695 1525 851 1588; x_wconf 90' lang='lat' dir='ltr'><strong>communi</strong></span> <span class='ocrx_word' id='word_1_82' title='bbox 866 1543 1017 1588; x_wconf 87' lang='lat' dir='ltr'><strong>consensu</strong></span> <span class='ocrx_word' id='word_1_83' title='bbox 1033 1525 1197 1606; x_wconf 88' lang='lat' dir='ltr'><strong>utriusque</strong></span> <span class='ocrx_word' id='word_1_84' title='bbox 1209 1527 1423 1588; x_wconf 87' lang='lat' dir='ltr'><strong>immutentur.</strong></span> <span class='ocrx_word' id='word_1_85' title='bbox 1439 1603 1442 1610; x_wconf 27' lang='grc' dir='ltr'>Ι</span> 
     </span>
     <span class='ocr_line' id='line_1_12' title="bbox 243 1609 1424 1693; baseline 0.003 -21"><span class='ocrx_word' id='word_1_86' title='bbox 243 1609 353 1672; x_wconf 82' lang='lat' dir='ltr'><strong>Testes</strong></span> <span class='ocrx_word' id='word_1_87' title='bbox 368 1613 483 1686; x_wconf 88' lang='lat' dir='ltr'><strong>autem,</strong></span> <span class='ocrx_word' id='word_1_88' title='bbox 506 1629 639 1691; x_wconf 89' lang='lat' dir='ltr'><strong>quorum</strong></span> <span class='ocrx_word' id='word_1_89' title='bbox 660 1610 787 1673; x_wconf 93' lang='lat' dir='ltr'><strong>nomina</strong></span> <span class='ocrx_word' id='word_1_90' title='bbox 802 1611 977 1693; x_wconf 90' lang='lat' dir='ltr'><strong>subscripta</strong></span> <span class='ocrx_word' id='word_1_91' title='bbox 991 1610 1143 1688; x_wconf 89' lang='lat' dir='ltr'><strong>videntur,</strong></span> <span class='ocrx_word' id='word_1_92' title='bbox 1165 1610 1321 1675; x_wconf 88' lang='lat' dir='ltr'><strong>Amoldus</strong></span> <span class='ocrx_word' id='word_1_93' title='bbox 1337 1610 1424 1676; x_wconf 85' lang='lat' dir='ltr'><strong>Colo-</strong></span> 
     </span>
     <span class='ocr_line' id='line_1_13' title="bbox 243 1695 1424 1780; baseline 0.002 -22"><span class='ocrx_word' id='word_1_94' title='bbox 243 1695 362 1759; x_wconf 90' lang='lat' dir='ltr'><strong>niensis</strong></span> <span class='ocrx_word' id='word_1_95' title='bbox 384 1696 656 1780; x_wconf 82' lang='lat' dir='ltr'><strong>Archiapiscopus,</strong></span> <span class='ocrx_word' id='word_1_96' title='bbox 677 1696 877 1761; x_wconf 90' lang='lat' dir='ltr'><strong>Hermannus</strong></span> <span class='ocrx_word' id='word_1_97' title='bbox 896 1695 1146 1762; x_wconf 84' lang='lat' dir='ltr'><strong>&#39;Constantiensis</strong></span> <span class='ocrx_word' id='word_1_98' title='bbox 1169 1697 1339 1780; x_wconf 83' lang='lat' dir='ltr'><strong>episcopus,</strong></span> <span class='ocrx_word' id='word_1_99' title='bbox 1361 1699 1424 1760; x_wconf 85' lang='lat' dir='ltr'><strong>An-</strong></span> 
     </span>
     <span class='ocr_line' id='line_1_14' title="bbox 245 1781 1426 1866; baseline 0.002 -22"><span class='ocrx_word' id='word_1_100' title='bbox 245 1781 362 1844; x_wconf 89' lang='lat' dir='ltr'><strong>selmus</strong></span> <span class='ocrx_word' id='word_1_101' title='bbox 378 1782 614 1863; x_wconf 81' lang='lat' dir='ltr'><strong>Arelhergensis</strong></span> <span class='ocrx_word' id='word_1_102' title='bbox 630 1783 799 1866; x_wconf 89' lang='lat' dir='ltr'><strong>episcopus,</strong></span> <span class='ocrx_word' id='word_1_103' title='bbox 814 1781 937 1846; x_wconf 82' lang='lat' dir='ltr'><strong>Ardicio</strong></span> <span class='ocrx_word' id='word_1_104' title='bbox 952 1781 1112 1846; x_wconf 82' lang='lat' dir='ltr'><strong>Cumanus</strong></span> <span class='ocrx_word' id='word_1_105' title='bbox 1128 1783 1296 1866; x_wconf 89' lang='lat' dir='ltr'><strong>episcopus,</strong></span> <span class='ocrx_word' id='word_1_106' title='bbox 1319 1782 1426 1864; x_wconf 83' lang='lat' dir='ltr'><strong>(Adcl-</strong></span> 
     </span>
     <span class='ocr_line' id='line_1_15' title="bbox 245 1866 1423 1951; baseline 0.002 -21"><span class='ocrx_word' id='word_1_107' title='bbox 245 1867 364 1948; x_wconf 87' lang='lat' dir='ltr'><strong>gottus)</strong></span> <span class='ocrx_word' id='word_1_108' title='bbox 381 1866 540 1932; x_wconf 75' lang='lat' dir='ltr'><strong>(lariensis</strong></span> <span class='ocrx_word' id='word_1_109' title='bbox 556 1868 726 1951; x_wconf 87' lang='lat' dir='ltr'><strong>episcopus,</strong></span> <span class='ocrx_word' id='word_1_110' title='bbox 742 1867 916 1932; x_wconf 85' lang='lat' dir='ltr'><strong>Wilbaldus</strong></span> <span class='ocrx_word' id='word_1_111' title='bbox 933 1867 1126 1932; x_wconf 75' lang='lat' dir='ltr'><strong>stabulensis</strong></span> <span class='ocrx_word' id='word_1_112' title='bbox 1141 1869 1255 1945; x_wconf 74' lang='lat' dir='ltr'><strong>abbas,</strong></span> <span class='ocrx_word' id='word_1_113' title='bbox 1277 1869 1423 1933; x_wconf 85' lang='lat' dir='ltr'><strong>Albertus</strong></span> 
     </span>
     <span class='ocr_line' id='line_1_16' title="bbox 244 1951 1424 2036; baseline 0.002 -20"><span class='ocrx_word' id='word_1_114' title='bbox 244 1951 435 2016; x_wconf 87' lang='lat' dir='ltr'><strong>Coloniensis</strong></span> <span class='ocrx_word' id='word_1_115' title='bbox 450 1953 594 2029; x_wconf 87' lang='lat' dir='ltr'><strong>decanus,</strong></span> <span class='ocrx_word' id='word_1_116' title='bbox 614 1954 765 2036; x_wconf 83' lang='lat' dir='ltr'><strong>Magister</strong></span> <span class='ocrx_word' id='word_1_117' title='bbox 778 1953 933 2017; x_wconf 89' lang='lat' dir='ltr'><strong>Henricus</strong></span> <span class='ocrx_word' id='word_1_118' title='bbox 948 1955 1096 2031; x_wconf 88' lang='lat' dir='ltr'><strong>notarius,</strong></span> <span class='ocrx_word' id='word_1_119' title='bbox 1114 1954 1307 2019; x_wconf 83' lang='lat' dir='ltr'><strong>Gottifredus</strong></span> <span class='ocrx_word' id='word_1_120' title='bbox 1321 1955 1424 2018; x_wconf 85' lang='lat' dir='ltr'><strong>Vitor-</strong></span> 
     </span>
     <span class='ocr_line' id='line_1_17' title="bbox 245 2037 1424 2123; baseline 0.003 -22"><span class='ocrx_word' id='word_1_121' title='bbox 245 2037 359 2102; x_wconf 89' lang='lat' dir='ltr'><strong>biensis</strong></span> <span class='ocrx_word' id='word_1_122' title='bbox 382 2037 567 2121; x_wconf 82' lang='lat' dir='ltr'><strong>Capelianus</strong></span> <span class='ocrx_word' id='word_1_123' title='bbox 589 2041 688 2122; x_wconf 79' lang='lat' dir='ltr'><strong>regis:</strong></span> <span class='ocrx_word' id='word_1_124' title='bbox 719 2059 756 2104; x_wconf 81' lang='lat' dir='ltr'><strong>ex</strong></span> <span class='ocrx_word' id='word_1_125' title='bbox 776 2040 862 2103; x_wconf 89' lang='lat' dir='ltr'><strong>laicis</strong></span> <span class='ocrx_word' id='word_1_126' title='bbox 885 2058 1009 2121; x_wconf 89' lang='lat' dir='ltr'><strong>quoque</strong></span> <span class='ocrx_word' id='word_1_127' title='bbox 1031 2040 1163 2123; x_wconf 89' lang='lat' dir='ltr'><strong>Welpho</strong></span> <span class='ocrx_word' id='word_1_128' title='bbox 1186 2040 1263 2115; x_wconf 86' lang='lat' dir='ltr'><strong>dux,</strong></span> <span class='ocrx_word' id='word_1_129' title='bbox 1285 2041 1424 2105; x_wconf 89' lang='lat' dir='ltr'><strong>Marchio</strong></span> 
     </span>
     <span class='ocr_line' id='line_1_18' title="bbox 244 2121 1424 2202; baseline 0.003 -16"><span class='ocrx_word' id='word_1_130' title='bbox 244 2121 444 2188; x_wconf 88' lang='lat' dir='ltr'><strong>Hermannns</strong></span> <span class='ocrx_word' id='word_1_131' title='bbox 466 2125 504 2190; x_wconf 90' lang='lat' dir='ltr'><strong>de</strong></span> <span class='ocrx_word' id='word_1_132' title='bbox 519 2125 637 2202; x_wconf 82' lang='lat' dir='ltr'><strong>Badeo,</strong></span> <span class='ocrx_word' id='word_1_133' title='bbox 660 2125 771 2190; x_wconf 82' lang='lat' dir='ltr'><strong>Comes</strong></span> <span class='ocrx_word' id='word_1_134' title='bbox 786 2125 913 2190; x_wconf 88' lang='lat' dir='ltr'><strong>Uln&#39;ous</strong></span> <span class='ocrx_word' id='word_1_135' title='bbox 936 2125 973 2190; x_wconf 94' lang='lat' dir='ltr'><strong>de</strong></span> <span class='ocrx_word' id='word_1_136' title='bbox 996 2126 1185 2202; x_wconf 88' lang='lat' dir='ltr'><strong>Lenzburch,</strong></span> <span class='ocrx_word' id='word_1_137' title='bbox 1209 2125 1319 2190; x_wconf 82' lang='lat' dir='ltr'><strong>Comes</strong></span> <span class='ocrx_word' id='word_1_138' title='bbox 1335 2126 1424 2190; x_wconf 91' lang='lat' dir='ltr'><strong>Wer-</strong></span> 
     </span>
     <span class='ocr_line' id='line_1_19' title="bbox 242 2209 1423 2292; baseline 0.003 -20"><span class='ocrx_word' id='word_1_139' title='bbox 242 2227 337 2274; x_wconf 88' lang='lat' dir='ltr'><strong>nerus</strong></span> <span class='ocrx_word' id='word_1_140' title='bbox 359 2209 397 2273; x_wconf 91' lang='lat' dir='ltr'><strong>de</strong></span> <span class='ocrx_word' id='word_1_141' title='bbox 419 2210 614 2287; x_wconf 88' lang='lat' dir='ltr'><strong>Lensbnrch,</strong></span> <span class='ocrx_word' id='word_1_142' title='bbox 636 2211 804 2275; x_wconf 81' lang='lat' dir='ltr'><strong>Anselmus</strong></span> <span class='ocrx_word' id='word_1_143' title='bbox 827 2210 1024 2275; x_wconf 82' lang='lat' dir='ltr'><strong>Camerarius</strong></span> <span class='ocrx_word' id='word_1_144' title='bbox 1047 2214 1079 2275; x_wconf 92' lang='lat' dir='ltr'><strong>et</strong></span> <span class='ocrx_word' id='word_1_145' title='bbox 1100 2211 1311 2276; x_wconf 87' lang='lat' dir='ltr'><strong>ministerialis</strong></span> <span class='ocrx_word' id='word_1_146' title='bbox 1332 2212 1423 2292; x_wconf 83' lang='lat' dir='ltr'><strong>regis.</strong></span> 
     </span>
    </p>

    <p class='ocr_par' dir='ltr' id='par_1_4' title="bbox 331 2295 1423 2381">
     <span class='ocr_line' id='line_1_20' title="bbox 331 2295 1423 2381; baseline 0 -21"><span class='ocrx_word' id='word_1_147' title='bbox 331 2295 463 2377; x_wconf 89' lang='lat' dir='ltr'><strong>Signum</strong></span> <span class='ocrx_word' id='word_1_148' title='bbox 479 2296 595 2361; x_wconf 92' lang='lat' dir='ltr'><strong>domini</strong></span> <span class='ocrx_word' id='word_1_149' title='bbox 610 2296 764 2361; x_wconf 78' lang='lat' dir='ltr'><strong>Ehederioi</strong></span> <span class='ocrx_word' id='word_1_150' title='bbox 779 2297 993 2361; x_wconf 90' lang='lat' dir='ltr'><strong>Romanorum</strong></span> <span class='ocrx_word' id='word_1_151' title='bbox 1007 2297 1203 2381; x_wconf 88' lang='lat' dir='ltr'><strong>imperatoris</strong></span> <span class='ocrx_word' id='word_1_152' title='bbox 1219 2297 1423 2362; x_wconf 85' lang='lat' dir='ltr'><strong>invictissimi.</strong></span> 
     </span>
    </p>

    <p class='ocr_par' dir='ltr' id='par_1_5' title="bbox 329 2381 999 2465">
     <span class='ocr_line' id='line_1_21' title="bbox 329 2381 999 2465; baseline 0.001 -20"><span class='ocrx_word' id='word_1_153' title='bbox 329 2381 395 2464; x_wconf 81' lang='lat' dir='ltr'><strong>Ego</strong></span> <span class='ocrx_word' id='word_1_154' title='bbox 418 2382 574 2447; x_wconf 86' lang='lat' dir='ltr'><strong>Amoldus</strong></span> <span class='ocrx_word' id='word_1_155' title='bbox 596 2382 806 2448; x_wconf 78' lang='lat' dir='ltr'><strong>(lancellarins</strong></span> <span class='ocrx_word' id='word_1_156' title='bbox 827 2382 999 2465; x_wconf 87' lang='lat' dir='ltr'><strong>recognovi.</strong></span> 
     </span>
    </p>

    <p class='ocr_par' dir='ltr' id='par_1_6' title="bbox 244 2465 1423 2723">
     <span class='ocr_line' id='line_1_22' title="bbox 329 2465 1423 2552; baseline 0.001 -22"><span class='ocrx_word' id='word_1_157' title='bbox 329 2465 446 2531; x_wconf 88' lang='lat' dir='ltr'><strong>Datum</strong></span> <span class='ocrx_word' id='word_1_158' title='bbox 462 2467 644 2533; x_wconf 82' lang='lat' dir='ltr'><strong>Constantio</strong></span> <span class='ocrx_word' id='word_1_159' title='bbox 658 2469 696 2532; x_wconf 90' lang='lat' dir='ltr'><strong>X.</strong></span> <span class='ocrx_word' id='word_1_160' title='bbox 711 2469 782 2533; x_wconf 84' lang='lat' dir='ltr'><strong>Kal.</strong></span> <span class='ocrx_word' id='word_1_161' title='bbox 798 2468 922 2552; x_wconf 76' lang='lat' dir='ltr'><strong>Aprilis</strong></span> <span class='ocrx_word' id='word_1_162' title='bbox 944 2468 1116 2533; x_wconf 88' lang='lat' dir='ltr'><strong>Indictione</strong></span> <span class='ocrx_word' id='word_1_163' title='bbox 1131 2468 1199 2532; x_wconf 87' lang='lat' dir='ltr'><strong>XV.</strong></span> <span class='ocrx_word' id='word_1_164' title='bbox 1222 2487 1302 2533; x_wconf 88' lang='lat' dir='ltr'><strong>anno</strong></span> <span class='ocrx_word' id='word_1_165' title='bbox 1324 2467 1423 2532; x_wconf 92' lang='lat' dir='ltr'><strong>domi·</strong></span> 
     </span>
     <span class='ocr_line' id='line_1_23' title="bbox 244 2552 1423 2641; baseline 0.003 -26"><span class='ocrx_word' id='word_1_166' title='bbox 244 2552 312 2618; x_wconf 84' lang='lat' dir='ltr'><strong>nice</strong></span> <span class='ocrx_word' id='word_1_167' title='bbox 335 2553 556 2641; x_wconf 82' lang='lat' dir='ltr'><strong>incarnationis</strong></span> <span class='ocrx_word' id='word_1_168' title='bbox 571 2554 698 2620; x_wconf 85' lang='lat' dir='ltr'><strong>MCLII.</strong></span> <span class='ocrx_word' id='word_1_169' title='bbox 720 2557 870 2637; x_wconf 91' lang='lat' dir='ltr'><strong>regnante</strong></span> <span class='ocrx_word' id='word_1_170' title='bbox 893 2553 1018 2618; x_wconf 90' lang='lat' dir='ltr'><strong>domino</strong></span> <span class='ocrx_word' id='word_1_171' title='bbox 1034 2555 1195 2619; x_wconf 83' lang='lat' dir='ltr'><strong>Frederico</strong></span> <span class='ocrx_word' id='word_1_172' title='bbox 1210 2555 1423 2618; x_wconf 88' lang='lat' dir='ltr'><strong>Romanorum</strong></span> 
     </span>
     <span class='ocr_line' id='line_1_24' title="bbox 244 2639 1044 2723; baseline 0.004 -22"><span class='ocrx_word' id='word_1_173' title='bbox 244 2656 318 2719; x_wconf 88' lang='lat' dir='ltr'><strong>rege</strong></span> <span class='ocrx_word' id='word_1_174' title='bbox 340 2639 480 2720; x_wconf 88' lang='lat' dir='ltr'><strong>glorioso,</strong></span> <span class='ocrx_word' id='word_1_175' title='bbox 503 2658 583 2704; x_wconf 88' lang='lat' dir='ltr'><strong>auno</strong></span> <span class='ocrx_word' id='word_1_176' title='bbox 604 2660 677 2705; x_wconf 89' lang='lat' dir='ltr'><strong>vero</strong></span> <span class='ocrx_word' id='word_1_177' title='bbox 698 2641 799 2722; x_wconf 87' lang='lat' dir='ltr'><strong>Regni</strong></span> <span class='ocrx_word' id='word_1_178' title='bbox 821 2640 887 2704; x_wconf 91' lang='lat' dir='ltr'><strong>eius</strong></span> <span class='ocrx_word' id='word_1_179' title='bbox 910 2639 1044 2723; x_wconf 57' lang='lat' dir='ltr'><strong>primast)</strong></span> 
     </span>
    </p>
   </div>
   <div class='ocr_carea' id='block_1_3' title="bbox 239 2922 1423 3032">
    <p class='ocr_par' dir='ltr' id='par_1_7' title="bbox 239 2922 1423 3032">
     <span class='ocr_line' id='line_1_25' title="bbox 239 2922 1423 3032; baseline 0.002 -24"><span class='ocrx_word' id='word_1_180' title='bbox 239 2922 361 3010; x_wconf 87' lang='lat' dir='ltr'><strong>llllll</strong></span> <span class='ocrx_word' id='word_1_181' title='bbox 382 2922 559 3010; x_wconf 84' lang='lat' dir='ltr'><strong>lriolricls</strong></span> <span class='ocrx_word' id='word_1_182' title='bbox 573 2925 678 3011; x_wconf 85' lang='lat' dir='ltr'><strong>crstcs</strong></span> <span class='ocrx_word' id='word_1_183' title='bbox 689 2925 854 3011; x_wconf 81' lang='lat' dir='ltr'><strong>lclrcitcn</strong></span> <span class='ocrx_word' id='word_1_184' title='bbox 868 2949 909 3012; x_wconf 83' lang='lat' dir='ltr'><strong>an</strong></span> <span class='ocrx_word' id='word_1_185' title='bbox 927 2925 1037 3011; x_wconf 87' lang='lat' dir='ltr'><strong>llaiser</strong></span> <span class='ocrx_word' id='word_1_186' title='bbox 1056 2925 1188 3024; x_wconf 83' lang='lat' dir='ltr'><strong>denual,</strong></span> <span class='ocrx_word' id='word_1_187' title='bbox 1199 2924 1283 3032; x_wconf 82' lang='lat' dir='ltr'><strong>Sept</strong></span> <span class='ocrx_word' id='word_1_188' title='bbox 1303 2925 1423 3025; x_wconf 64' lang='lat' dir='ltr'><strong>notu</strong></span> 
     </span>
    </p>
   </div>
   <div class='ocr_carea' id='block_1_4' title="bbox 458 3053 1203 3125">
    <p class='ocr_par' dir='ltr' id='par_1_8' title="bbox 458 3053 1203 3125">
     <span class='ocr_line' id='line_1_26' title="bbox 458 3053 1203 3125; baseline -0.001 -18"><span class='ocrx_word' id='word_1_189' title='bbox 458 3055 539 3124; x_wconf 87' lang='lat' dir='ltr'><strong>(Wih.</strong></span> <span class='ocrx_word' id='word_1_190' title='bbox 558 3072 618 3125; x_wconf 87' lang='lat' dir='ltr'><strong>epp.</strong></span> <span class='ocrx_word' id='word_1_191' title='bbox 636 3071 676 3108; x_wconf 89' lang='lat' dir='ltr'><strong>nr.</strong></span> <span class='ocrx_word' id='word_1_192' title='bbox 696 3059 763 3120; x_wconf 86' lang='grc'>410;</span> <span class='ocrx_word' id='word_1_193' title='bbox 782 3053 859 3121; x_wconf 71' lang='lat' dir='ltr'><strong>June,</strong></span> <span class='ocrx_word' id='word_1_194' title='bbox 878 3054 1044 3108; x_wconf 85' lang='lat' dir='ltr'><strong>Bibliotheca</strong></span> <span class='ocrx_word' id='word_1_195' title='bbox 1063 3054 1085 3120; x_wconf 95' lang='lat' dir='ltr'><strong>I,</strong></span> <span class='ocrx_word' id='word_1_196' title='bbox 1105 3059 1156 3109; x_wconf 83' lang='lat'><strong>548</strong></span> <span class='ocrx_word' id='word_1_197' title='bbox 1174 3054 1203 3123; x_wconf 87' lang='lat' dir='ltr'><strong>f.)</strong></span> 
     </span>
    </p>
   </div>
   <div class='ocr_carea' id='block_1_5' title="bbox 209 3158 1424 3583">
    <p class='ocr_par' dir='ltr' id='par_1_9' title="bbox 240 3158 1423 3372">
     <span class='ocr_line' id='line_1_27' title="bbox 342 3158 1423 3230; baseline -0.003 -15"><span class='ocrx_word' id='word_1_198' title='bbox 342 3159 407 3214; x_wconf 88' lang='lat' dir='ltr'><strong>Otto</strong></span> <span class='ocrx_word' id='word_1_199' title='bbox 425 3160 492 3214; x_wconf 82' lang='lat' dir='ltr'><strong>Fris.</strong></span> <span class='ocrx_word' id='word_1_200' title='bbox 512 3160 596 3215; x_wconf 84' lang='lat' dir='ltr'><strong>Gesta</strong></span> <span class='ocrx_word' id='word_1_201' title='bbox 614 3159 655 3226; x_wconf 87' lang='grc' dir='ltr'><strong>Π,</strong></span> <span class='ocrx_word' id='word_1_202' title='bbox 682 3177 703 3213; x_wconf 84' lang='lat' dir='ltr'><strong>c</strong></span> <span class='ocrx_word' id='word_1_203' title='bbox 725 3165 755 3213; x_wconf 89' lang='lat'><strong>11</strong></span> <span class='ocrx_word' id='word_1_204' title='bbox 783 3159 843 3226; x_wconf 87' lang='lat' dir='ltr'><strong>(das</strong></span> <span class='ocrx_word' id='word_1_205' title='bbox 867 3159 1080 3230; x_wconf 86' lang='lat' dir='ltr'><strong>vorausgehende</strong></span> <span class='ocrx_word' id='word_1_206' title='bbox 1098 3159 1206 3229; x_wconf 83' lang='lat' dir='ltr'><strong>Kapital</strong></span> <span class='ocrx_word' id='word_1_207' title='bbox 1230 3158 1348 3213; x_wconf 88' lang='lat' dir='ltr'><strong>befindet</strong></span> <span class='ocrx_word' id='word_1_208' title='bbox 1365 3159 1423 3212; x_wconf 90' lang='lat' dir='ltr'><strong>sich</strong></span> 
     </span>
     <span class='ocr_line' id='line_1_28' title="bbox 241 3229 1423 3300; baseline 0.001 -17"><span class='ocrx_word' id='word_1_209' title='bbox 241 3247 280 3283; x_wconf 91' lang='lat' dir='ltr'><strong>nr.</strong></span> <span class='ocrx_word' id='word_1_210' title='bbox 351 3230 398 3296; x_wconf 85' lang='lat' dir='ltr'><strong>Vl,</strong></span> <span class='ocrx_word' id='word_1_211' title='bbox 418 3231 691 3298; x_wconf 84' lang='lat' dir='ltr'><strong>Schlussanmerkung</strong></span> <span class='ocrx_word' id='word_1_212' title='bbox 708 3231 808 3284; x_wconf 89' lang='lat' dir='ltr'><strong>meiner</strong></span> <span class='ocrx_word' id='word_1_213' title='bbox 826 3230 1004 3299; x_wconf 86' lang='lat' dir='ltr'><strong>Sammlung):</strong></span> <span class='ocrx_word' id='word_1_214' title='bbox 1025 3229 1100 3284; x_wconf 86' lang='lat' dir='ltr'><strong>Circa</strong></span> <span class='ocrx_word' id='word_1_215' title='bbox 1115 3230 1184 3284; x_wconf 90' lang='lat' dir='ltr'><strong>idem</strong></span> <span class='ocrx_word' id='word_1_216' title='bbox 1204 3233 1316 3300; x_wconf 82' lang='lat' dir='ltr'><strong>tempus,</strong></span> <span class='ocrx_word' id='word_1_217' title='bbox 1335 3245 1423 3284; x_wconf 88' lang='lat' dir='ltr'><strong>mense</strong></span> 
     </span>
     <span class='ocr_line' id='line_1_29' title="bbox 240 3299 1423 3372; baseline 0 -18"><span class='ocrx_word' id='word_1_218' title='bbox 240 3299 274 3354; x_wconf 83' lang='lat' dir='ltr'><strong>Se</strong></span> <span class='ocrx_word' id='word_1_219' title='bbox 292 3302 404 3369; x_wconf 76' lang='lat' dir='ltr'><strong>tomhri,</strong></span> <span class='ocrx_word' id='word_1_220' title='bbox 430 3303 561 3372; x_wconf 89' lang='lat' dir='ltr'><strong>principes</strong></span> <span class='ocrx_word' id='word_1_221' title='bbox 585 3301 748 3371; x_wconf 87' lang='lat' dir='ltr'><strong>maioresque</strong></span> <span class='ocrx_word' id='word_1_222' title='bbox 771 3301 910 3354; x_wconf 88' lang='lat' dir='ltr'><strong>Baioariae</strong></span> <span class='ocrx_word' id='word_1_223' title='bbox 935 3319 951 3354; x_wconf 88' lang='lat' dir='ltr'><strong>a</strong></span> <span class='ocrx_word' id='word_1_224' title='bbox 974 3317 1036 3370; x_wconf 89' lang='lat' dir='ltr'><strong>rege</strong></span> <span class='ocrx_word' id='word_1_225' title='bbox 1054 3301 1216 3370; x_wconf 88' lang='lat' dir='ltr'><strong>Ratisponae</strong></span> <span class='ocrx_word' id='word_1_226' title='bbox 1234 3304 1423 3367; x_wconf 60' lang='lat' dir='ltr'><strong>conmeantum</strong></span> 
     </span>
    </p>

    <p class='ocr_par' dir='ltr' id='par_1_10' title="bbox 209 3371 1424 3583">
     <span class='ocr_line' id='line_1_30' title="bbox 311 3371 1424 3442; baseline -0.002 -16"><span class='ocrx_word' id='word_1_227' title='bbox 311 3371 395 3426; x_wconf 88' lang='lat' dir='ltr'><strong>nichil</strong></span> <span class='ocrx_word' id='word_1_228' title='bbox 419 3373 457 3426; x_wconf 91' lang='lat' dir='ltr'><strong>ibi</strong></span> <span class='ocrx_word' id='word_1_229' title='bbox 482 3372 515 3426; x_wconf 89' lang='lat' dir='ltr'><strong>de</strong></span> <span class='ocrx_word' id='word_1_230' title='bbox 538 3374 606 3426; x_wconf 92' lang='lat' dir='ltr'><strong>bono</strong></span> <span class='ocrx_word' id='word_1_231' title='bbox 623 3373 697 3442; x_wconf 84' lang='lat' dir='ltr'><strong>pacis</strong></span> <span class='ocrx_word' id='word_1_232' title='bbox 715 3372 741 3425; x_wconf 94' lang='lat' dir='ltr'><strong>in</strong></span> <span class='ocrx_word' id='word_1_233' title='bbox 761 3372 810 3424; x_wconf 87' lang='lat' dir='ltr'><strong>illa</strong></span> <span class='ocrx_word' id='word_1_234' title='bbox 827 3372 962 3441; x_wconf 83' lang='lat' dir='ltr'><strong>provincia</strong></span> <span class='ocrx_word' id='word_1_235' title='bbox 980 3375 1086 3442; x_wconf 90' lang='lat' dir='ltr'><strong>propter</strong></span> <span class='ocrx_word' id='word_1_236' title='bbox 1104 3371 1214 3425; x_wconf 89' lang='lat' dir='ltr'><strong>duorum</strong></span> <span class='ocrx_word' id='word_1_237' title='bbox 1234 3371 1329 3424; x_wconf 89' lang='lat' dir='ltr'><strong>ducum</strong></span> <span class='ocrx_word' id='word_1_238' title='bbox 1348 3371 1424 3426; x_wconf 88' lang='lat' dir='ltr'><strong>litem</strong></span> 
     </span>
     <span class='ocr_line' id='line_1_31' title="bbox 239 3441 1424 3514; baseline 0 -19"><span class='ocrx_word' id='word_1_239' title='bbox 239 3443 377 3498; x_wconf 86' lang='lat' dir='ltr'><strong>terminari</strong></span> <span class='ocrx_word' id='word_1_240' title='bbox 396 3446 509 3514; x_wconf 83' lang='lat' dir='ltr'><strong>poterat</strong></span> <span class='ocrx_word' id='word_1_241' title='bbox 545 3443 601 3496; x_wconf 83' lang='lat' dir='ltr'><strong>Rex</strong></span> <span class='ocrx_word' id='word_1_242' title='bbox 619 3447 723 3508; x_wconf 64' lang='lat' dir='ltr'><strong>tamem</strong></span> <span class='ocrx_word' id='word_1_243' title='bbox 750 3441 814 3512; x_wconf 87' lang='lat' dir='ltr'><strong>qnia</strong></span> <span class='ocrx_word' id='word_1_244' title='bbox 837 3459 890 3496; x_wconf 92' lang='lat' dir='ltr'><strong>non</strong></span> <span class='ocrx_word' id='word_1_245' title='bbox 918 3443 1001 3496; x_wconf 91' lang='lat' dir='ltr'><strong>multo</strong></span> <span class='ocrx_word' id='word_1_246' title='bbox 1025 3445 1086 3496; x_wconf 82' lang='lat' dir='ltr'><strong>ante</strong></span> <span class='ocrx_word' id='word_1_247' title='bbox 1111 3441 1177 3496; x_wconf 86' lang='lat' dir='ltr'><strong>haec</strong></span> <span class='ocrx_word' id='word_1_248' title='bbox 1200 3459 1248 3512; x_wconf 91' lang='lat' dir='ltr'><strong>per</strong></span> <span class='ocrx_word' id='word_1_249' title='bbox 1266 3442 1424 3513; x_wconf 86' lang='lat' dir='ltr'><strong>apostolicae</strong></span> 
     </span>
     <span class='ocr_line' id='line_1_32' title="bbox 209 3512 1424 3583; baseline -0.002 -16"><span class='ocrx_word' id='word_1_250' title='bbox 209 3546 211 3549; x_wconf 95' lang='lat'>-</span> <span class='ocrx_word' id='word_1_251' title='bbox 240 3512 311 3567; x_wconf 87' lang='lat' dir='ltr'><strong>sedis</strong></span> <span class='ocrx_word' id='word_1_252' title='bbox 337 3514 439 3582; x_wconf 86' lang='lat' dir='ltr'><strong>legatos</strong></span> <span class='ocrx_word' id='word_1_253' title='bbox 465 3516 499 3567; x_wconf 87' lang='lat' dir='ltr'><strong>ab</strong></span> <span class='ocrx_word' id='word_1_254' title='bbox 523 3529 604 3568; x_wconf 83' lang='lat' dir='ltr'><strong>uxore</strong></span> <span class='ocrx_word' id='word_1_255' title='bbox 629 3531 677 3567; x_wconf 87' lang='lat' dir='ltr'><strong>sua</strong></span> <span class='ocrx_word' id='word_1_256' title='bbox 699 3514 731 3566; x_wconf 92' lang='lat' dir='ltr'><strong>ob</strong></span> <span class='ocrx_word' id='word_1_257' title='bbox 757 3513 890 3566; x_wconf 79' lang='lat' dir='ltr'><strong>vinculum</strong></span> <span class='ocrx_word' id='word_1_258' title='bbox 916 3513 1155 3582; x_wconf 88' lang='lat' dir='ltr'><strong>consanguinitatis</strong></span> <span class='ocrx_word' id='word_1_259' title='bbox 1173 3517 1310 3583; x_wconf 85' lang='lat' dir='ltr'><strong>separatus</strong></span> <span class='ocrx_word' id='word_1_260' title='bbox 1328 3512 1424 3580; x_wconf 87' lang='lat' dir='ltr'><strong>fuerat,</strong></span> 
     </span>
    </p>
   </div>
   <div class='ocr_carea' id='block_1_6' title="bbox 238 3691 1423 4611">
    <p class='ocr_par' dir='ltr' id='par_1_11' title="bbox 240 3691 1423 4045">
     <span class='ocr_line' id='line_1_33' title="bbox 328 3691 1423 3765; baseline 0.001 -19"><span class='ocrx_word' id='word_1_261' title='bbox 328 3693 355 3761; x_wconf 84' lang='lat' dir='ltr'><strong>a)</strong></span> <span class='ocrx_word' id='word_1_262' title='bbox 373 3694 428 3747; x_wconf 90' lang='lat' dir='ltr'><strong>Der</strong></span> <span class='ocrx_word' id='word_1_263' title='bbox 449 3694 604 3762; x_wconf 82' lang='lat' dir='ltr'><strong>Monatstag</strong></span> <span class='ocrx_word' id='word_1_264' title='bbox 621 3697 697 3765; x_wconf 87' lang='lat' dir='ltr'><strong>passt</strong></span> <span class='ocrx_word' id='word_1_265' title='bbox 715 3694 743 3748; x_wconf 91' lang='lat' dir='ltr'><strong>in</strong></span> <span class='ocrx_word' id='word_1_266' title='bbox 766 3693 814 3747; x_wconf 85' lang='lat' dir='ltr'><strong>das</strong></span> <span class='ocrx_word' id='word_1_267' title='bbox 837 3693 953 3746; x_wconf 82' lang='lat' dir='ltr'><strong>itinerar</strong></span> <span class='ocrx_word' id='word_1_268' title='bbox 978 3691 1140 3759; x_wconf 79' lang='lat' dir='ltr'><strong>Friedrichs;</strong></span> <span class='ocrx_word' id='word_1_269' title='bbox 1169 3691 1287 3762; x_wconf 88' lang='lat' dir='ltr'><strong>dagegen</strong></span> <span class='ocrx_word' id='word_1_270' title='bbox 1313 3694 1355 3747; x_wconf 90' lang='lat' dir='ltr'><strong>die</strong></span> <span class='ocrx_word' id='word_1_271' title='bbox 1379 3694 1423 3747; x_wconf 91' lang='lat' dir='ltr'><strong>In·</strong></span> 
     </span>
     <span class='ocr_line' id='line_1_34' title="bbox 240 3762 1422 3833; baseline 0 -16"><span class='ocrx_word' id='word_1_272' title='bbox 240 3763 359 3830; x_wconf 85' lang='lat' dir='ltr'><strong>dihtion,</strong></span> <span class='ocrx_word' id='word_1_273' title='bbox 379 3764 421 3818; x_wconf 86' lang='lat' dir='ltr'><strong>die</strong></span> <span class='ocrx_word' id='word_1_274' title='bbox 438 3765 612 3833; x_wconf 83' lang='lat' dir='ltr'><strong>Regiemngs·</strong></span> <span class='ocrx_word' id='word_1_275' title='bbox 638 3782 663 3819; x_wconf 90' lang='lat' dir='ltr'><strong>u.</strong></span> <span class='ocrx_word' id='word_1_276' title='bbox 682 3763 839 3818; x_wconf 83' lang='lat' dir='ltr'><strong>Jahresaahl</strong></span> <span class='ocrx_word' id='word_1_277' title='bbox 856 3763 917 3817; x_wconf 88' lang='lat' dir='ltr'><strong>sind</strong></span> <span class='ocrx_word' id='word_1_278' title='bbox 935 3780 965 3816; x_wconf 84' lang='lat' dir='ltr'><strong>nu</strong></span> <span class='ocrx_word' id='word_1_279' title='bbox 985 3762 1084 3816; x_wconf 74' lang='lat' dir='ltr'><strong>tndem</strong></span> <span class='ocrx_word' id='word_1_280' title='bbox 1102 3764 1144 3817; x_wconf 91' lang='lat' dir='ltr'><strong>in:</strong></span> <span class='ocrx_word' id='word_1_281' title='bbox 1167 3763 1222 3818; x_wconf 82' lang='lat' dir='ltr'><strong>ind.</strong></span> <span class='ocrx_word' id='word_1_282' title='bbox 1241 3763 1272 3832; x_wconf 82' lang='lat'><strong>1,</strong></span> <span class='ocrx_word' id='word_1_283' title='bbox 1291 3780 1314 3818; x_wconf 89' lang='lat' dir='ltr'><strong>a.</strong></span> <span class='ocrx_word' id='word_1_284' title='bbox 1340 3763 1422 3818; x_wconf 87' lang='lat' dir='ltr'><strong>din·</strong></span> 
     </span>
     <span class='ocr_line' id='line_1_35' title="bbox 241 3833 1421 3904; baseline 0 -16"><span class='ocrx_word' id='word_1_285' title='bbox 241 3834 402 3888; x_wconf 70' lang='lat' dir='ltr'><strong>metionis</strong></span> <span class='ocrx_word' id='word_1_286' title='bbox 419 3835 554 3900; x_wconf 67' lang='lat' dir='ltr'><strong>nolin,</strong></span> <span class='ocrx_word' id='word_1_287' title='bbox 580 3852 603 3891; x_wconf 87' lang='lat' dir='ltr'><strong>a.</strong></span> <span class='ocrx_word' id='word_1_288' title='bbox 622 3837 697 3904; x_wconf 83' lang='lat' dir='ltr'><strong>regni</strong></span> <span class='ocrx_word' id='word_1_289' title='bbox 716 3835 773 3888; x_wconf 87' lang='lat' dir='ltr'><strong>eius</strong></span> <span class='ocrx_word' id='word_1_290' title='bbox 789 3835 825 3888; x_wconf 91' lang='grc' dir='ltr'><strong>Π.</strong></span> <span class='ocrx_word' id='word_1_291' title='bbox 861 3833 1026 3900; x_wconf 88' lang='lat' dir='ltr'><strong>Watterich‚</strong></span> <span class='ocrx_word' id='word_1_292' title='bbox 1051 3833 1128 3888; x_wconf 85' lang='lat' dir='ltr'><strong>Pont</strong></span> <span class='ocrx_word' id='word_1_293' title='bbox 1146 3833 1221 3888; x_wconf 84' lang='lat' dir='ltr'><strong>Rom.</strong></span> <span class='ocrx_word' id='word_1_294' title='bbox 1240 3834 1294 3889; x_wconf 84' lang='lat' dir='ltr'><strong>Vit.</strong></span> <span class='ocrx_word' id='word_1_295' title='bbox 1313 3835 1350 3901; x_wconf 92' lang='grc' dir='ltr'><strong>Π,</strong></span> <span class='ocrx_word' id='word_1_296' title='bbox 1369 3839 1421 3889; x_wconf 81' lang='grc'><strong>320</strong></span> 
     </span>
     <span class='ocr_line' id='line_1_36' title="bbox 241 3904 1420 3970; baseline 0.003 -16"><span class='ocrx_word' id='word_1_297' title='bbox 241 3908 378 3970; x_wconf 85' lang='lat' dir='ltr'><strong>vermotet,</strong></span> <span class='ocrx_word' id='word_1_298' title='bbox 398 3905 460 3959; x_wconf 88' lang='lat' dir='ltr'><strong>dass</strong></span> <span class='ocrx_word' id='word_1_299' title='bbox 483 3905 567 3959; x_wconf 90' lang='lat' dir='ltr'><strong>durch</strong></span> <span class='ocrx_word' id='word_1_300' title='bbox 589 3907 665 3960; x_wconf 84' lang='lat' dir='ltr'><strong>einen</strong></span> <span class='ocrx_word' id='word_1_301' title='bbox 682 3905 777 3960; x_wconf 82' lang='lat' dir='ltr'><strong>Fehler</strong></span> <span class='ocrx_word' id='word_1_302' title='bbox 801 3905 848 3958; x_wconf 89' lang='lat' dir='ltr'><strong>des</strong></span> <span class='ocrx_word' id='word_1_303' title='bbox 874 3904 1064 3958; x_wconf 86' lang='lat' dir='ltr'><strong>Abschreibers</strong></span> <span class='ocrx_word' id='word_1_304' title='bbox 1083 3905 1153 3958; x_wconf 85' lang='lat' dir='ltr'><strong>diosc</strong></span> <span class='ocrx_word' id='word_1_305' title='bbox 1178 3905 1265 3958; x_wconf 88' lang='lat' dir='ltr'><strong>Daten</strong></span> <span class='ocrx_word' id='word_1_306' title='bbox 1289 3921 1337 3958; x_wconf 87' lang='lat' dir='ltr'><strong>aus</strong></span> <span class='ocrx_word' id='word_1_307' title='bbox 1362 3905 1420 3959; x_wconf 90' lang='lat' dir='ltr'><strong>dom</strong></span> 
     </span>
     <span class='ocr_line' id='line_1_37' title="bbox 240 3973 1421 4045; baseline 0.004 -20"><span class='ocrx_word' id='word_1_308' title='bbox 240 3973 482 4044; x_wconf 81' lang='lat' dir='ltr'><strong>Vertrcgsentwurf</strong></span> <span class='ocrx_word' id='word_1_309' title='bbox 496 3977 524 4030; x_wconf 88' lang='lat' dir='ltr'><strong>in</strong></span> <span class='ocrx_word' id='word_1_310' title='bbox 542 3976 586 4030; x_wconf 90' lang='lat' dir='ltr'><strong>die</strong></span> <span class='ocrx_word' id='word_1_311' title='bbox 603 3977 702 4045; x_wconf 76' lang='lat' dir='ltr'><strong>konigl.</strong></span> <span class='ocrx_word' id='word_1_312' title='bbox 715 3975 1042 4044; x_wconf 78' lang='lat' dir='ltr'><strong>Ausfertignngsurkrmde</strong></span> <span class='ocrx_word' id='word_1_313' title='bbox 1058 3975 1323 4043; x_wconf 85' lang='lat' dir='ltr'><strong>herdbergenommen</strong></span> <span class='ocrx_word' id='word_1_314' title='bbox 1342 3976 1421 4030; x_wconf 84' lang='lat' dir='ltr'><strong>saian.</strong></span> 
     </span>
    </p>

    <p class='ocr_par' dir='ltr' id='par_1_12' title="bbox 238 4037 1422 4611">
     <span class='ocr_line' id='line_1_38' title="bbox 331 4037 1421 4116; baseline -0.001 -15"><span class='ocrx_word' id='word_1_315' title='bbox 331 4046 358 4102; x_wconf 73' lang='lat' dir='ltr'><strong>*l</strong></span> <span class='ocrx_word' id='word_1_316' title='bbox 379 4037 451 4101; x_wconf 85' lang='lat' dir='ltr'><strong>iiber</strong></span> <span class='ocrx_word' id='word_1_317' title='bbox 468 4047 540 4101; x_wconf 89' lang='lat' dir='ltr'><strong>diese</strong></span> <span class='ocrx_word' id='word_1_318' title='bbox 557 4050 627 4101; x_wconf 84' lang='lat' dir='ltr'><strong>erate</strong></span> <span class='ocrx_word' id='word_1_319' title='bbox 646 4045 855 4101; x_wconf 79' lang='lat' dir='ltr'><strong>Gesandtschaft</strong></span> <span class='ocrx_word' id='word_1_320' title='bbox 872 4044 1022 4099; x_wconf 83' lang='lat' dir='ltr'><strong>Friedrichs</strong></span> <span class='ocrx_word' id='word_1_321' title='bbox 1042 4045 1111 4098; x_wconf 85' lang='lat' dir='ltr'><strong>nach</strong></span> <span class='ocrx_word' id='word_1_322' title='bbox 1128 4046 1232 4116; x_wconf 79' lang='lat' dir='ltr'><strong>Byzann</strong></span> <span class='ocrx_word' id='word_1_323' title='bbox 1250 4063 1276 4101; x_wconf 90' lang='lat' dir='ltr'><strong>u.</strong></span> <span class='ocrx_word' id='word_1_324' title='bbox 1295 4047 1361 4100; x_wconf 85' lang='lat' dir='ltr'><strong>liber</strong></span> <span class='ocrx_word' id='word_1_325' title='bbox 1379 4046 1421 4100; x_wconf 88' lang='lat' dir='ltr'><strong>die</strong></span> 
     </span>
     <span class='ocr_line' id='line_1_39' title="bbox 238 4115 1421 4187; baseline 0.001 -18"><span class='ocrx_word' id='word_1_326' title='bbox 238 4115 281 4169; x_wconf 87' lang='lat' dir='ltr'><strong>ihr</strong></span> <span class='ocrx_word' id='word_1_327' title='bbox 299 4116 510 4186; x_wconf 85' lang='lat' dir='ltr'><strong>vorhergehende</strong></span> <span class='ocrx_word' id='word_1_328' title='bbox 529 4135 554 4171; x_wconf 89' lang='lat' dir='ltr'><strong>n.</strong></span> <span class='ocrx_word' id='word_1_329' title='bbox 566 4118 756 4187; x_wconf 84' lang='lat' dir='ltr'><strong>nachfolgende</strong></span> <span class='ocrx_word' id='word_1_330' title='bbox 768 4116 939 4186; x_wconf 88' lang='lat' dir='ltr'><strong>griechische,</strong></span> <span class='ocrx_word' id='word_1_331' title='bbox 959 4117 1036 4170; x_wconf 83' lang='lat' dir='ltr'><strong>sowie</strong></span> <span class='ocrx_word' id='word_1_332' title='bbox 1055 4117 1119 4169; x_wconf 77' lang='lat' dir='ltr'><strong>iiber</strong></span> <span class='ocrx_word' id='word_1_333' title='bbox 1132 4116 1174 4170; x_wconf 90' lang='lat' dir='ltr'><strong>die</strong></span> <span class='ocrx_word' id='word_1_334' title='bbox 1186 4116 1276 4170; x_wconf 82' lang='lat' dir='ltr'><strong>aweite</strong></span> <span class='ocrx_word' id='word_1_335' title='bbox 1295 4116 1421 4170; x_wconf 82' lang='lat' dir='ltr'><strong>deutsche</strong></span> 
     </span>
     <span class='ocr_line' id='line_1_40' title="bbox 240 4185 1419 4257; baseline 0.001 -17"><span class='ocrx_word' id='word_1_336' title='bbox 240 4185 368 4255; x_wconf 82' lang='lat' dir='ltr'><strong>legation</strong></span> <span class='ocrx_word' id='word_1_337' title='bbox 392 4205 409 4240; x_wconf 86' lang='lat' dir='ltr'><strong>r</strong></span> <span class='ocrx_word' id='word_1_338' title='bbox 428 4187 446 4243; x_wconf 94' lang='lat' dir='ltr'><strong>l.</strong></span> <span class='ocrx_word' id='word_1_339' title='bbox 469 4188 581 4257; x_wconf 83' lang='lat' dir='ltr'><strong>Jnngler</strong></span> <span class='ocrx_word' id='word_1_340' title='bbox 599 4205 622 4243; x_wconf 90' lang='lat' dir='ltr'><strong>a.</strong></span> <span class='ocrx_word' id='word_1_341' title='bbox 642 4206 666 4242; x_wconf 80' lang='lat' dir='ltr'><strong>a</strong></span> <span class='ocrx_word' id='word_1_342' title='bbox 686 4187 717 4243; x_wconf 93' lang='grc' dir='ltr'><strong>Ο.</strong></span> <span class='ocrx_word' id='word_1_343' title='bbox 736 4188 763 4242; x_wconf 84' lang='lat' dir='ltr'><strong>S.</strong></span> <span class='ocrx_word' id='word_1_344' title='bbox 785 4191 817 4241; x_wconf 82' lang='lat'><strong>12</strong></span> <span class='ocrx_word' id='word_1_345' title='bbox 836 4187 879 4254; x_wconf 81' lang='lat' dir='ltr'><strong>ff.;</strong></span> <span class='ocrx_word' id='word_1_346' title='bbox 905 4187 1019 4252; x_wconf 87' lang='lat' dir='ltr'><strong>Detloff,</strong></span> <span class='ocrx_word' id='word_1_347' title='bbox 1045 4186 1099 4240; x_wconf 90' lang='lat' dir='ltr'><strong>Der</strong></span> <span class='ocrx_word' id='word_1_348' title='bbox 1123 4190 1193 4241; x_wconf 82' lang='lat' dir='ltr'><strong>erote</strong></span> <span class='ocrx_word' id='word_1_349' title='bbox 1210 4186 1358 4256; x_wconf 84' lang='lat' dir='ltr'><strong>Rdmerang</strong></span> <span class='ocrx_word' id='word_1_350' title='bbox 1386 4186 1419 4241; x_wconf 90' lang='lat' dir='ltr'><strong>K.</strong></span> 
     </span>
     <span class='ocr_line' id='line_1_41' title="bbox 238 4205 1422 4326; baseline 0 -15"><span class='ocrx_word' id='word_1_351' title='bbox 238 4205 428 4312; x_wconf 69' lang='lat' dir='ltr'><strong>Friedrichsi.</strong></span> <span class='ocrx_word' id='word_1_352' title='bbox 449 4262 568 4325; x_wconf 70' lang='lat' dir='ltr'><strong>nasson</strong></span> <span class='ocrx_word' id='word_1_353' title='bbox 586 4259 612 4314; x_wconf 86' lang='lat' dir='ltr'><strong>S.</strong></span> <span class='ocrx_word' id='word_1_354' title='bbox 632 4263 666 4313; x_wconf 82' lang='lat'><strong>27</strong></span> <span class='ocrx_word' id='word_1_355' title='bbox 684 4259 718 4319; x_wconf 65' lang='grc' dir='ltr'><strong>[ς</strong></span> <span class='ocrx_word' id='word_1_356' title='bbox 738 4257 910 4312; x_wconf 84' lang='lat' dir='ltr'><strong>Giesebrecht</strong></span> <span class='ocrx_word' id='word_1_357' title='bbox 927 4257 960 4323; x_wconf 84' lang='lat' dir='ltr'><strong>V,</strong></span> <span class='ocrx_word' id='word_1_358' title='bbox 979 4261 1013 4312; x_wconf 81' lang='lat'><strong>³2</strong></span> <span class='ocrx_word' id='word_1_359' title='bbox 1032 4257 1062 4322; x_wconf 77' lang='lat' dir='ltr'><strong>l,</strong></span> <span class='ocrx_word' id='word_1_360' title='bbox 1079 4262 1126 4324; x_wconf 81' lang='lat'><strong>37;</strong></span> <span class='ocrx_word' id='word_1_361' title='bbox 1152 4258 1348 4326; x_wconf 84' lang='lat' dir='ltr'><strong>Dombrouslri,</strong></span> <span class='ocrx_word' id='word_1_362' title='bbox 1367 4257 1422 4311; x_wconf 79' lang='lat' dir='ltr'><strong>An-</strong></span> 
     </span>
     <span class='ocr_line' id='line_1_42' title="bbox 239 4327 1421 4400; baseline 0.001 -19"><span class='ocrx_word' id='word_1_363' title='bbox 239 4327 304 4381; x_wconf 86' lang='lat' dir='ltr'><strong>sohn</strong></span> <span class='ocrx_word' id='word_1_364' title='bbox 322 4346 347 4384; x_wconf 83' lang='lat' dir='ltr'><strong>v.</strong></span> <span class='ocrx_word' id='word_1_365' title='bbox 366 4328 517 4398; x_wconf 79' lang='lat' dir='ltr'><strong>Hsvelberg</strong></span> <span class='ocrx_word' id='word_1_366' title='bbox 534 4329 560 4384; x_wconf 87' lang='lat' dir='ltr'><strong>S.</strong></span> <span class='ocrx_word' id='word_1_367' title='bbox 580 4333 614 4384; x_wconf 86' lang='grc'><strong>48</strong></span> <span class='ocrx_word' id='word_1_368' title='bbox 632 4330 674 4396; x_wconf 80' lang='lat' dir='ltr'><strong>ff.;</strong></span> <span class='ocrx_word' id='word_1_369' title='bbox 693 4329 833 4400; x_wconf 84' lang='lat' dir='ltr'><strong>Kap-Herr</strong></span> <span class='ocrx_word' id='word_1_370' title='bbox 851 4345 875 4382; x_wconf 84' lang='lat' dir='ltr'><strong>a.</strong></span> <span class='ocrx_word' id='word_1_371' title='bbox 895 4345 918 4384; x_wconf 83' lang='lat' dir='ltr'><strong>a</strong></span> <span class='ocrx_word' id='word_1_372' title='bbox 938 4327 969 4382; x_wconf 95' lang='grc' dir='ltr'><strong>Ο.</strong></span> <span class='ocrx_word' id='word_1_373' title='bbox 989 4327 1015 4382; x_wconf 88' lang='lat' dir='ltr'><strong>S.</strong></span> <span class='ocrx_word' id='word_1_374' title='bbox 1037 4332 1070 4382; x_wconf 81' lang='lat'><strong>52</strong></span> <span class='ocrx_word' id='word_1_375' title='bbox 1089 4328 1115 4383; x_wconf 83' lang='lat' dir='ltr'><strong>ff.</strong></span> <span class='ocrx_word' id='word_1_376' title='bbox 1134 4327 1237 4382; x_wconf 82' lang='lat' dir='ltr'><strong>Exkurs</strong></span> <span class='ocrx_word' id='word_1_377' title='bbox 1256 4333 1280 4384; x_wconf 88' lang='lat'><strong>3.</strong></span> <span class='ocrx_word' id='word_1_378' title='bbox 1318 4327 1421 4382; x_wconf 80' lang='lat' dir='ltr'><strong>Souohl</strong></span> 
     </span>
     <span class='ocr_line' id='line_1_43' title="bbox 240 4397 1420 4468; baseline 0.001 -17"><span class='ocrx_word' id='word_1_379' title='bbox 240 4397 341 4452; x_wconf 83' lang='lat' dir='ltr'><strong>Detloff</strong></span> <span class='ocrx_word' id='word_1_380' title='bbox 357 4400 397 4453; x_wconf 86' lang='lat' dir='ltr'><strong>als</strong></span> <span class='ocrx_word' id='word_1_381' title='bbox 416 4399 588 4454; x_wconf 83' lang='lat' dir='ltr'><strong>Giesehrocht</strong></span> <span class='ocrx_word' id='word_1_382' title='bbox 604 4400 737 4454; x_wconf 85' lang='lat' dir='ltr'><strong>erbliclren</strong></span> <span class='ocrx_word' id='word_1_383' title='bbox 754 4401 783 4454; x_wconf 93' lang='lat' dir='ltr'><strong>in</strong></span> <span class='ocrx_word' id='word_1_384' title='bbox 802 4399 849 4453; x_wconf 87' lang='lat' dir='ltr'><strong>der</strong></span> <span class='ocrx_word' id='word_1_385' title='bbox 866 4399 962 4468; x_wconf 85' lang='lat' dir='ltr'><strong>obigen</strong></span> <span class='ocrx_word' id='word_1_386' title='bbox 974 4398 1056 4451; x_wconf 84' lang='lat' dir='ltr'><strong>Stollo</strong></span> <span class='ocrx_word' id='word_1_387' title='bbox 1074 4398 1117 4451; x_wconf 91' lang='lat' dir='ltr'><strong>bei</strong></span> <span class='ocrx_word' id='word_1_388' title='bbox 1130 4397 1194 4452; x_wconf 83' lang='lat' dir='ltr'><strong>Otto</strong></span> <span class='ocrx_word' id='word_1_389' title='bbox 1207 4399 1273 4453; x_wconf 67' lang='lat' dir='ltr'><strong>Fris.</strong></span> <span class='ocrx_word' id='word_1_390' title='bbox 1288 4398 1371 4452; x_wconf 84' lang='lat' dir='ltr'><strong>Gesta</strong></span> <span class='ocrx_word' id='word_1_391' title='bbox 1383 4399 1420 4465; x_wconf 90' lang='lat' dir='ltr'><strong>II,</strong></span> 
     </span>
     <span class='ocr_line' id='line_1_44' title="bbox 241 4468 1422 4540; baseline 0 -18"><span class='ocrx_word' id='word_1_392' title='bbox 241 4485 263 4522; x_wconf 85' lang='lat' dir='ltr'><strong>c</strong></span> <span class='ocrx_word' id='word_1_393' title='bbox 285 4473 315 4523; x_wconf 90' lang='lat'><strong>11</strong></span> <span class='ocrx_word' id='word_1_394' title='bbox 336 4470 393 4524; x_wconf 88' lang='lat' dir='ltr'><strong>eine</strong></span> <span class='ocrx_word' id='word_1_395' title='bbox 410 4469 599 4524; x_wconf 85' lang='lat' dir='ltr'><strong>Kombination</strong></span> <span class='ocrx_word' id='word_1_396' title='bbox 618 4471 709 4525; x_wconf 84' lang='lat' dir='ltr'><strong>nweisr</strong></span> <span class='ocrx_word' id='word_1_397' title='bbox 729 4469 978 4536; x_wconf 83' lang='lat' dir='ltr'><strong>Gesandtsehaften,</strong></span> <span class='ocrx_word' id='word_1_398' title='bbox 996 4486 1046 4522; x_wconf 86' lang='lat' dir='ltr'><strong>von</strong></span> <span class='ocrx_word' id='word_1_399' title='bbox 1065 4468 1149 4522; x_wconf 88' lang='lat' dir='ltr'><strong>denen</strong></span> <span class='ocrx_word' id='word_1_400' title='bbox 1168 4469 1210 4523; x_wconf 90' lang='lat' dir='ltr'><strong>die</strong></span> <span class='ocrx_word' id='word_1_401' title='bbox 1228 4469 1286 4523; x_wconf 88' lang='lat' dir='ltr'><strong>eine</strong></span> <span class='ocrx_word' id='word_1_402' title='bbox 1304 4470 1340 4522; x_wconf 91' lang='lat' dir='ltr'><strong>im</strong></span> <span class='ocrx_word' id='word_1_403' title='bbox 1359 4469 1422 4540; x_wconf 88' lang='lat' dir='ltr'><strong>Sap-</strong></span> 
     </span>
     <span class='ocr_line' id='line_1_45' title="bbox 240 4539 1420 4611; baseline 0 -17"><span class='ocrx_word' id='word_1_404' title='bbox 240 4541 342 4595; x_wconf 86' lang='lat' dir='ltr'><strong>tombor</strong></span> <span class='ocrx_word' id='word_1_405' title='bbox 361 4545 429 4596; x_wconf 74' lang='lat'>1153</span> <span class='ocrx_word' id='word_1_406' title='bbox 447 4558 497 4594; x_wconf 85' lang='lat' dir='ltr'><strong>von</strong></span> <span class='ocrx_word' id='word_1_407' title='bbox 514 4541 688 4611; x_wconf 80' lang='lat' dir='ltr'><strong>Regemburg</strong></span> <span class='ocrx_word' id='word_1_408' title='bbox 706 4558 763 4609; x_wconf 87' lang='lat' dir='ltr'><strong>aus,</strong></span> <span class='ocrx_word' id='word_1_409' title='bbox 783 4541 825 4594; x_wconf 87' lang='lat' dir='ltr'><strong>dio</strong></span> <span class='ocrx_word' id='word_1_410' title='bbox 838 4540 934 4594; x_wconf 86' lang='lat' dir='ltr'><strong>andere</strong></span> <span class='ocrx_word' id='word_1_411' title='bbox 946 4540 984 4593; x_wconf 88' lang='lat' dir='ltr'><strong>im</strong></span> <span class='ocrx_word' id='word_1_412' title='bbox 996 4539 1098 4592; x_wconf 87' lang='lat' dir='ltr'><strong>Herbst</strong></span> <span class='ocrx_word' id='word_1_413' title='bbox 1111 4544 1178 4594; x_wconf 79' lang='grc'>1154</span> <span class='ocrx_word' id='word_1_414' title='bbox 1192 4540 1363 4610; x_wconf 80' lang='lat' dir='ltr'><strong>abgeschiclrt</strong></span> <span class='ocrx_word' id='word_1_415' title='bbox 1374 4541 1420 4596; x_wconf 85' lang='lat' dir='ltr'><strong>sei.</strong></span> 
     </span>
    </p>
   </div>
   <div class='ocr_carea' id='block_1_7' title="bbox 294 4613 1251 4693">
    <p class='ocr_par' dir='ltr' id='par_1_13' title="bbox 294 4613 1251 4693">
     <span class='ocr_line' id='line_1_46' title="bbox 294 4613 1251 4693; baseline 0.001 -11"><span class='ocrx_word' id='word_1_416' title='bbox 294 4640 411 4693; x_wconf 78' lang='lat' dir='ltr'><strong>Doberl,</strong></span> <span class='ocrx_word' id='word_1_417' title='bbox 426 4643 520 4684; x_wconf 65' lang='lat' dir='ltr'><strong>Nonum.</strong></span> <span class='ocrx_word' id='word_1_418' title='bbox 535 4643 635 4684; x_wconf 73' lang='lat' dir='ltr'><strong>Germ</strong></span> <span class='ocrx_word' id='word_1_419' title='bbox 651 4643 729 4683; x_wconf 63' lang='lat' dir='ltr'><strong>selaeu</strong></span> <span class='ocrx_word' id='word_1_420' title='bbox 743 4645 764 4683; x_wconf 75' lang='grc'><strong>4.</strong></span> <span class='ocrx_word' id='word_1_421' title='bbox 1232 4613 1251 4676; x_wconf 82' lang='grc'><strong>6</strong></span> 
     </span>
    </p>
   </div>
   <div class='ocr_carea' id='block_1_8' title="bbox 0 0 1817 5284">
    <p class='ocr_par' dir='ltr' id='par_1_14' title="bbox 0 0 1817 5284">
     <span class='ocr_line' id='line_1_47' title="bbox 0 0 1817 5284; baseline 0 0"><span class='ocrx_word' id='word_1_422' title='bbox 0 0 1817 5284; x_wconf 95' lang='lat' dir='ltr'><strong> </strong></span> 
     </span>
    </p>
   </div>
  </div>
 </body>
</html>
