3617 5284
352 571 417 636 260

351 743 420 810 niae,
439 744 542 813 nepotis
560 744 610 810 sni,
628 748 657 798 et
674 746 784 800 castella
801 750 830 801 ot
846 749 1006 804 munitiones
1024 750 1135 818 obsedit,
1155 751 1263 822 infregit
1280 757 1308 808 et
1320 756 1398 826 cepit,
1417 756 1530 827 eoquod

352 813 503 883 praedictus
528 815 581 868 dur
604 815 691 870 noluit
707 817 736 870 in
754 818 853 872 curiam
872 836 948 874 susm
966 821 1053 874 venire
1071 825 1099 875 et
1116 825 1187 876 stare
1205 828 1275 879 recte
1293 842 1371 896 super
1389 826 1431 893 iis,
1480 843 1530 880 uae

353 885 477 938 adversus
495 901 555 939 eum
572 886 729 956 loqueretur.
766 887 879 943 Dicebat
896 891 966 944 enim
983 891 1126 962 imperator
1143 893 1200 960 ille,
1228 895 1316 965 quod
1343 913 1401 967 per
1424 844 1531 952 dedec-

352 958 422 1009 tum
441 955 541 1010 ducis
559 956 730 1011 amiserat
747 958 1031 1030 Longobardiam,
1050 963 1182 1033 quianon
1201 965 1329 1034 permisit,
1366 966 1418 1020 uod
1436 969 1531 1021 exerci-

352 1029 396 1080 tns
415 1027 456 1079 sui
474 1043 533 1080 eum
551 1030 728 1097 sequerentur.
765 1029 905 1085 Praeterea
926 1032 1069 1103 imperator
1086 1035 1143 1105 ipse
1161 1034 1274 1102 dicebod,
1301 985 1371 1107 qudd
1389 1037 1459 1091 idem
1477 1038 1530 1092 dux

352 1097 525 1167 proiectus
542 1098 662 1152 fuerat
679 1099 719 1152 ad
738 1099 931 1156 Manualem
956 1103 1195 1174 imperatorem
1214 1105 1531 1179 Constantinopoli·

352 1171 469 1221 tanum
491 1169 527 1222 in
546 1169 795 1224 detrimentum
813 1172 927 1242 ipsius
944 1177 978 1227 et
995 1175 1131 1245 imperii
1150 1175 1302 1232 Romani.
1340 1177 1376 1232 Et
1393 1179 1421 1232 in
1438 1179 1530 1232 multis

352 1238 495 1321 accusabat
520 1256 579 1293 eum
607 1239 646 1293 de
669 1240 740 1294 fide
765 1241 865 1296 laesa
891 1246 927 1297 ot
953 1245 1188 1315 periurio...
1225 1247 1376 1302 Postulavit
1404 1249 1528 1303 iudicium

352 1325 521 1392 cunae-'suae
539 1309 668 1392 deduce3
687 1311 733 1381 qui
750 1329 810 1366 cum
828 1318 968 1368 accusatus
986 1319 1057 1369 esset
1075 1317 1107 1370 do
1125 1317 1240 1372 laeuone
1257 1319 1407 1373 maiestatis
1418 1319 1529 1373 Romani

351 1384 1530 1531 ttt¹nltltttttttttttt⁶thttliniltthttitillatio*

440 1539 519 1592 ZuB
546 1538 607 1593 sind
634 1557 725 1595 ausser
752 1539 803 1594 den
829 1542 927 1597 bereits
956 1545 1074 1598 unterA
1102 1545 1276 1614 angssuhrten
1295 1545 1395 1601 Stellen
1414 1564 1461 1601 ane
1481 1548 1530 1602 den

351 1609 480 1734 ³312:ng
481 1609 574 1734 ἓξὲξ
593 1609 663 1665 Har,
690 1611 746 1665 und
775 1611 825 1667 den
843 1612 960 1668 Annales
977 1615 1150 1684 Pegarienses
1178 1616 1300 1686 folgende
1327 1616 1531 1682 Quellenstellen

432 1722 570 1805 Caesarius
577 1751 930 1822 r.Heisterbach,Catalogus
939 1753 1026 1808 archie
1045 1756 1190 1825 iscoporum
1198 1755 1530 1830 Coloniensiumffltihmer,

351 1820 448 1876 Fontes
467 1821 504 1889 11,
523 1823 602 1892 will:
631 1822 783 1892 (Henricns)
802 1826 835 1878 ab
853 1825 890 1878 iro
924 1828 1010 1878 ratoro
1027 1773 1186 1881 h'riderico.
1216 1870 1224 1882 .
1252 1871 1258 1882 .
1286 1829 1371 1884 tribus
1391 1831 1531 1885 ducatibus

353 1893 400 1962 (sc
419 1892 538 1960 Samnio,
566 1894 686 1948 Bouario
705 1897 784 1965 atque
801 1895 895 1966 Westp
916 1895 976 1964 alie)
1006 1939 1012 1951 .
1041 1939 1047 1950 .
1076 1938 1082 1952 .
1112 1897 1163 1952 sibi
1192 1897 1352 1954 abiudicatis
1375 1901 1462 1955 iussus
1489 1906 1531 1956 est

352 1963 464 2046 exulare.
500 1964 668 2018 Ducatum
697 1982 774 2019 vero
801 1966 1020 2036 Westphalie
1048 1968 1169 2022 dominus
1190 1968 1329 2041 Philippus
1353 1987 1399 2025 sue
1423 1972 1531 2026 ecclesie

352 2035 561 2160 Obhmud'rrnalee
579 2104 721 2160 Stadenses
739 2106 774 2160 ad
792 2123 889 2160 anuum
911 2107 1043 2177 11801111.
1064 2106 1095 2163 G.
1115 2107 1160 2163 SS.
1178 2109 1250 2177 XVI,
1275 2111 1352 2180 349):
1380 2111 1531 2167 Bernardus

352 2175 775 2317 dhnhffitdds‘ddhhditiofmpst
801 2177 926 2230 ducatum
953 2177 1077 2244 Saxonis,
1105 2184 1133 2233 et
1150 2179 1289 2251 Philippus
1308 2181 1413 2236 Colonie
1439 2183 1531 2237 duos-

440 2334 566 2390 Urlrunde
585 2353 642 2390 vom
661 2340 704 2391 30.
716 2335 771 2389 Mai
787 2340 854 2390 1269
873 2337 938 2390 iiber
955 2337 1013 2390 eine
1033 2337 1145 2403 „federis
1162 2338 1310 2392 ordinatio“
1330 2341 1458 2396 nwiscben
1471 2342 1530 2396 dem

353 2405 519 2460 Erebischofo
537 2406 644 2460 Konrad
663 2424 687 2461 u.
706 2405 784 2474 Kdln,
812 2406 872 2460 dem
889 2406 960 2460 Abte
978 2406 1086 2461 Tbiemo
1104 2425 1127 2462 v.
1146 2408 1241 2464 Korrsi
1266 2409 1322 2463 und
1350 2412 1410 2466 dem
1426 2412 1531 2482 Herrog

351 2477 448 2530 Albert
464 2495 488 2531 v.
507 2477 712 2545 Brannscbweig
730 2477 901 2546 (bscomblet,
921 2477 1102 2532 Niederrhein.
1121 2478 1336 2534 Urlrundenbuch
1347 2481 1383 2550 Il,
1402 2500 1441 2537 nr.
1453 2488 1529 2549 489);

351 2547 409 2601 Nec
428 2547 480 2601 dux
498 2547 604 2616 (Albert
621 2566 645 2602 r.
664 2547 879 2617 Braunschweig)
907 2565 955 2602 nec
980 2549 1075 2602 trahes
1093 2549 1134 2603 sui
1152 2549 1250 2604 facient
1267 2554 1343 2605 trane
1361 2569 1456 2623 aquam
1475 2571 1531 2636 pre·

351 2619 435 2672 laum
457 2618 526 2672 inira
551 2618 602 2672 duo
627 2618 743 2672 miliaria
766 2620 886 2702 proxima
904 2623 979 2673 extra
998 2619 1123 2673 ducatum
1141 2620 1279 2674 Westlalie
1297 2639 1386 2677 uersus
1405 2623 1530 2677 Hassram

351 2705 412 2743 nec
437 2689 532 2744 infra
559 2690 716 2743 ducatum
743 2690 893 2744 eiusdem
913 2690 1101 2744 Westlalie
1129 2691 1294 2745 necinlra
1312 2693 1530 2762 Myndensern

350 2763 386 2814 et
404 2759 709 2828 Osnaburgensem
736 2760 901 2814 diocesim
929 2763 1017 2814 castra
1045 2760 1141 2831 aliqua,
1170 2761 1291 2816 civitates
1315 2781 1362 2818 nec
1387 2765 1466 2836 opida
1483 2782 1531 2819 nec

351 2830 482 2901 emptione
500 2831 590 2902 aliqua
607 2833 804 2901 comparabunt

438 2919 566 2974 Urlrunde
583 2937 643 2974 vom
660 2920 743 2974 Jabre
763 2923 831 2975 1998
854 2921 920 2974 tiber
943 2921 1017 2975 einen
1036 2939 1085 2975 von
1104 2920 1164 2974 dem
1181 2919 1348 2975 Erebischols
1365 2920 1487 2975 Wicbold
1505 2939 1530 2976 v.

351 2989 429 3059 Koln,
448 2990 508 3045 dem
525 2990 648 3046 Bischole
666 2991 804 3045 Eberhard
822 3009 846 3046 v.
864 2990 994 3058 Hdnster,
1013 2991 1073 3046 dem
1092 2991 1189 3045 Graleu
1207 2990 1345 3045 Eberhard
1363 3009 1387 3046 r.
1407 2991 1432 3046 d.
1452 2992 1529 3046 Maru

350 3062 406 3116 und
424 3061 474 3115 den
493 3061 606 3116 Stidten
624 3061 752 3128 liliputer,
777 3060 854 3116 Soest
871 3079 897 3116 u.
917 3062 1067 3116 Dortmund
1085 3061 1319 3130 abgeschlosseuen
1337 3061 1530 3117 westtiilischen

351 3131 526 3186 Landiriaden
544 3132 680 3202 (Soibertz,
699 3132 946 3198 UrlundenbuchI,
965 3149 1004 3188 nr.
1020 3135 1097 3198 473):
1116 3131 1159 3186 Ad
1196 3133 1251 3185 acis
1268 3133 1529 3189 obverracionem...

351 3219 399 3257 nos
417 3203 453 3256 ad
469 3202 581 3257 invicem
599 3203 769 3257 astrinximus
796 3243 855 3258 ...
880 3203 974 3257 infra
991 3203 1160 3257 terminos
1177 3149 1327 3256 ducatus
1344 3202 1530 3258 Westlalie

351 3276 384 3327 et
401 3273 579 3342 dyoceseos
598 3290 637 3327 ac
655 3274 797 3328 dominii
814 3273 1106 3328 Monasteriensie
1125 3272 1159 3327 ad
1178 3273 1383 3343 quinquennium
1395 3273 1529 3329 durature.

421 3361 547 3415 Urlmnde
564 3379 623 3416 rom
639 3362 721 3416 Jabre
741 3366 808 3418 1319
827 3363 892 3416 uber
909 3363 984 3416 einen
1003 3379 1051 3416 ron
1071 3361 1130 3415 dem
1147 3361 1314 3415 Erebischofe
1331 3361 1459 3417 Heinrich
1477 3379 1527 3416 von

351 3430 429 3498 Koln,
457 3431 507 3485 den
525 3431 665 3487 Bischtlen
682 3433 794 3501 Ludwig
811 3451 834 3486 v.
853 3432 975 3487 Hdnster
1001 3433 1056 3486 uud
1073 3432 1218 3501 Eugelbert
1241 3449 1264 3486 v.
1284 3431 1447 3498 Osuabniolr,
1476 3432 1527 3486 den

351 3503 463 3558 sudum
481 3503 609 3571 lliinster,
637 3501 800 3570 Osnabrticl,
827 3503 904 3557 Soest
929 3502 983 3556 und
1001 3502 1150 3557 Dortmund
1176 3502 1334 3557 errichteten
1352 3502 1528 3556 Landtrieden

350 3573 458 3640 (Fsbne,
478 3572 572 3630 Geach.
591 3592 615 3630 r.
633 3574 784 3628 Dortmund
796 3575 832 3641 11,
850 3575 914 3629 Abt.
932 3580 954 3640 1,
973 3591 1013 3629 nr.
1025 3574 1079 3644 80).
1116 3572 1182 3626 Hier
1200 3573 1300 3627 erldlirt
1318 3573 1363 3626 der
1375 3573 1531 3627 Hmbischoi

350 3646 439 3699 seinen
457 3645 599 3699 Marschall
618 3662 642 3698 v.
661 3645 814 3710 westfalon,
833 3645 884 3699 den
903 3643 1001 3700 Gralen
1019 3643 1155 3714 Ruprecht
1172 3661 1195 3698 v.
1206 3643 1373 3713 Virnenburg
1392 3659 1424 3696 an
1444 3644 1529 3698 seiner

350 3715 426 3769 Statt
442 3732 501 3769 zum
519 3715 660 3770 Bewahoer
677 3716 724 3770 des
742 3715 932 3769 Landlriedens
960 3732 1005 3782 „so
1034 3715 1082 3768 dat
1109 3714 1142 3768 be
1172 3731 1222 3782 eyn
1249 3713 1363 3768 busdere
1387 3714 1456 3768 uude
1480 3731 1530 3782 eyn

350 3787 509 3840 bescermere
526 3803 557 3855 sy
575 3788 611 3841 ol
626 3787 736 3841 dossit
754 3786 928 3857 derLippe
947 3785 1286 3840 desvredesinunseme
1304 3783 1529 3852 hertogrils“.

350 3857 405 3910 Der
421 3857 449 3910 in
468 3856 511 3911 die
527 3856 654 3912 Urlrunde
672 3857 808 3911 inserierte
826 3857 922 3910 darauf
938 3855 1089 3925 bezdgliche
1107 3855 1204 3908 Revers
1224 3855 1269 3908 des
1289 3854 1386 3909 Graien
1404 3855 1528 3909 schliesst

350 3928 401 3981 mit
419 3928 469 3981 den
478 3928 601 3982 Worten:
618 3927 741 3982 Vortrnar
759 3945 788 3982 so
806 3928 846 3981 sal
859 3928 891 3981 de
903 3930 1062 3996 vorgenante
1073 3926 1164 3995 biscop
1175 3925 1313 3979 lodewich
1332 3941 1382 3980 van
1397 3925 1529 3980 Monstere

352 3998 401 4066 dey
424 3999 513 4052 seluen
533 3999 631 4069 gewalt
648 3999 717 4052 unde
739 3999 831 4053 macbt
845 3997 956 4064 hebben,
986 3998 1033 4066 dey
1052 3997 1086 4050 ui
1113 4012 1191 4064 greve
1208 3995 1342 4066 Roprecht
1368 4013 1419 4050 ran
1437 3995 1529 4050 Virne·

350 4067 431 4122 borch
449 4069 565 4123 bebbent
582 4071 616 4123 in
636 4069 729 4124 deme
746 4068 970 4123 bertochiilre
990 4085 1093 4122 unses
1110 4065 1213 4120 heren
1231 4066 1288 4120 des
1306 4067 1529 4134 erebebiscop

350 4137 522 4194 Hinrichs
539 4139 731 4207 vanColne,
750 4139 876 4194 hebben
895 4137 1266 4208 insymehertocbrilre
1279 4137 1366 4190 unde
1383 4137 1418 4191 in
1436 4137 1529 4190 deme

351 4209 486 4264 stichte
504 4228 565 4265 ran
584 4209 831 4279 Osenbruegge.

438 4297 565 4354 Urlmnde
583 4297 688 4369 Herzog
704 4298 857 4353 Bernhards
881 4315 940 4352 rom
957 4297 1039 4350 Jahre
1060 4300 1126 4351 1197
1151 4295 1194 4349 fiir
1220 4294 1268 4348 das
1293 4293 1399 4349 Kloster
1416 4295 1527 4349 loecum

350 4369 379 4422 in
406 4368 452 4423 der
478 4370 587 4424 Didzese
614 4370 749 4425 Mindon
776 4369 954 4440 (Hodenberg,
983 4366 1156 4434 Calenberger
1181 4365 1395 4419 Urhundenbuoh
1423 4367 1484 4422 abt
1503 4371 1528 4432 3,

350 4438 417 4493 Helt
436 4445 459 4506 1,
477 4457 517 4495 nr.
537 4444 581 4511 27)
601 4442 712 4509 beginnt
730 4441 798 4495 also:
826 4440 901 4494 Sicut
924 4440 998 4492 decet
1023 4436 1317 4506 magnificentiam
1336 4435 1528 4505 dignitatis

350 4513 486 4578 nostre,
513 4512 687 4581 patrocinium
707 4511 831 4566 debemus
847 4510 998 4582 impendere
1026 4508 1146 4562 omnibus
1173 4506 1326 4561 constitutis
1353 4507 1387 4560 in
1414 4506 1530 4561 nostri
