3617 5284
366 1319 390 1404 Ι.
425 1319 747 1421 wahlausscbreibeu
773 1319 880 1430 Speier
904 1321 1138 1429 tul-hgin
1161 1323 1284 1427 litor)

430 1479 502 1545 (ooo.
521 1479 613 1535 usur.
633 1499 672 1537 ιι.
692 1486 757 1550 aas„
775 1481 852 1550 rma,
870 1482 1037 1537 eremmon
1054 1483 1087 1550 v,
1105 1487 1157 1538 sce
1175 1484 1205 1553 r)

323 1623 536 1707 hidelbertusb
550 1623 763 1707 Mogontinus,
785 1625 987 1708 F(ridericus)
1001 1625 1200 1702 Coloniensis,
1223 1625 1413 1710 0(dulricus)

234 1707 499 1788 Constantiensis,
528 1710 657 1793 B(ucoo)
687 1709 938 1788 wormatiensis,
966 1711 1147 1794 himoldus)
1177 1712 1332 1796 Spirensis
1360 1733 1416 1798 per

234 1794 294 1859 Dei
317 1795 560 1861 misericordiam
583 1797 804 1880 archiepiscopi
827 1799 859 1860 et
881 1797 1024 1881 episcopi,
1047 1797 1236 1880 0(dalricus)
1251 1799 1414 1865 Fuldeusis

234 1882 341 1958 abbas,
363 1881 555 1964 H(einrious)
572 1902 695 1964 quoque
711 1883 781 1959 dur,
799 1883 1001 1966 Epidamnus)
1018 1883 1088 1960 dux,
1105 1883 1316 1968 G(odefridus)
1331 1887 1418 1969 pala·

234 1967 323 2032 tinus
339 1987 449 2044 comes,
472 1969 739 2052 B(erengorensis)
755 1987 857 2034 comes
872 1968 912 2033 de
928 1969 1081 2034 Suhbach
1097 1971 1128 2034 et
1142 1970 1237 2034 ceteri
1251 1971 1417 2054 utriusque

233 2051 435 2136 professionis
446 2054 608 2138 principes,
631 2053 685 2136 qui
698 2055 833 2136 exequiis
848 2055 1044 2138 imperatoris
1055 2055 1234 2132 intererant,
1249 2059 1416 2122 venerabili

234 2137 327 2202 tratri
349 2138 483 2222 0(ttoni)
506 2140 756 2222 Babenbergensi
784 2140 927 2224 episcopo
954 2141 1028 2204 hine
1055 2139 1208 2205 fraternas
1236 2142 1269 2206 in
1292 2142 1415 2209 Christo

235 2225 392 2290 orationes
414 2225 486 2291 inde
508 2225 724 2292 fidelissimum
746 2225 876 2291 devotae
898 2225 1057 2291 servitutis
1079 2227 1272 2308 obsequium.

324 2311 496 2394 Postquam
512 2312 643 2377 domnus
658 2311 826 2396 imperator
840 2312 925 2376 viem
946 2312 1109 2376 universae
1133 2313 1233 2376 carnis
1256 2314 1416 2395 ingressus

236 2399 285 2460 est
308 2399 341 2461 et
361 2417 419 2462 nos
442 2398 586 2480 exequias
609 2399 676 2463 eius
698 2417 771 2463 cum
792 2398 877 2462 iuste
905 2398 1065 2463 devotione
1088 2400 1120 2462 et
1140 2399 1314 2463 reverentia
1334 2420 1418 2465 com-

235 2483 401 2566 plerimus
422 2485 489 2568 ipse
503 2485 576 2550 ordo
595 2485 641 2548 rei
663 2485 694 2549 et
714 2485 864 2568 temporis
887 2483 1022 2565 qualitas
1045 2484 1165 2565 exigere
1188 2485 1357 2563 videbatur,
1379 2489 1416 2551 ut

236 2568 274 2632 de
298 2571 385 2634 stetu
408 2573 440 2635 et
461 2589 536 2654 paee
558 2570 646 2652 regni
669 2569 785 2651 aliquid
809 2569 1026 2646 conferremus,
1049 2571 1159 2634 si'non
1181 2571 1304 2635 abesset
1324 2591 1414 2655 prae-

235 2655 359 2720 sentiae
373 2660 495 2722 restrae
510 2656 674 2721 eonsilium
690 2658 722 2719 et
737 2655 867 2720 aliorum
886 2655 1062 2739 principum
1083 2657 1172 2720 tanto
1186 2657 1312 2738 negocio
1335 2658 1412 2722 utile

234 2742 266 2804 et
288 2743 562 2824 pernecessarium.
599 2741 702 2820 Quam
731 2745 890 2825 expectare
921 2741 996 2823 quia
1023 2760 1116 2823 grave
1139 2745 1206 2805 erat
1227 2744 1259 2806 et
1280 2741 1412 2820 difficile,

234 2825 316 2890 sedit
344 2829 484 2892 omnium
513 2830 655 2893 nostrum
684 2827 870 2903 sententiae,
900 2827 928 2890 si
955 2829 1077 2892 vestrae
1105 2829 1231 2891 tentum
1258 2846 1321 2892 uon
1350 2829 1412 2894 dis·

234 2913 379 2996 plicuerit
411 2913 604 2988 concordiae,
638 2913 756 2978 curiam
788 2912 821 2978 in
854 2914 934 2977 festo
966 2913 1050 2976 beati
1082 2912 1294 2978 Bartholomei
1329 2916 1410 2998 apud

233 2999 430 3081 Mogontiam
464 3001 617 3065 celebrare
652 3000 696 3074 et,
729 2997 843 3064 ibidem
876 2998 1128 3063 convenientibus
1149 2999 1350 3083 principibus,
1373 3001 1411 3065 de

233 3087 318 3149 statu
347 3089 379 3150 et
409 3104 584 3151 successore
611 3084 700 3166 regni
728 3103 764 3150 eo
785 3085 917 3168 negotiis
938 3085 1134 3160 necessariis,
1161 3089 1254 3168 prout
1276 3085 1411 3169 Spiritus

234 3174 362 3236 sanctus
392 3171 587 3256 aspiraverit,
616 3171 765 3236 ordinare.
809 3169 941 3234 Nullum
968 3171 1075 3233 tamen
1103 3169 1328 3254 praeiudicium
1358 3172 1411 3236 de·

233 3257 407 3323 liberationi
429 3258 626 3323 etvoluntati
647 3259 769 3321 vestrae
790 3255 946 3333 facientes,
969 3255 1065 3319 nichil
1086 3255 1173 3320 nobis
1196 3256 1351 3337 singulare
1375 3277 1411 3322 ao

233 3343 391 3425 privatum
417 3344 450 3408 in
478 3344 537 3408 hac
558 3361 591 3407 re
613 3361 810 3425 usurpamus.
856 3341 940 3421 Quin
961 3341 1067 3425 pocius
1090 3341 1266 3406 discretioni
1286 3346 1408 3408 vestrae

233 3428 293 3494 hoc
308 3429 446 3513 adprime
461 3429 642 3493 intimatum
658 3447 725 3492 esse
741 3427 892 3512 cupimus,
909 3428 1065 3508 quatinus,
1087 3446 1230 3492 memor
1245 3447 1409 3512 oppres·

233 3515 361 3580 sionis
390 3535 468 3598 que
498 3516 667 3580 ecclesia
689 3533 773 3578 cum
796 3515 984 3578 universo
1006 3531 1126 3596 regno
1148 3532 1275 3595 usque
1298 3515 1408 3580 modo

231 3600 505 3684 laboravit,**)
535 3599 825 3683 dispositionis
854 3599 1014 3664 divinae
1035 3599 1327 3683 providentiam
1347 3601 1409 3664 in-

232 3688 402 3752 vocetis:
442 3689 486 3751 ut
517 3689 556 3750 in
590 3685 887 3750 substitutione
921 3685 1093 3750 alterius
1124 3703 1316 3768 personae
1350 3687 1408 3751 sic

232 3773 427 3838 ecclesiae
458 3791 552 3838 suae
586 3776 624 3836 et
651 3790 771 3853 regno
800 3771 1024 3855 provideat,
1058 3770 1158 3854 quod
1184 3772 1296 3836 tanto
1325 3791 1407 3836 ser-

304 3957 328 4025 *)
346 3956 407 4026 vgu
425 3953 507 4022 Jeme,
532 3955 632 4008 lother
656 3954 682 4008 S.
702 3959 749 4020 24;
772 3954 933 4020 Bernhardi‚
958 3953 1050 4010 Jahrb.
1071 3953 1096 4007 d.
1117 3953 1142 4009 d.
1163 3951 1194 4006 G.
1214 3955 1291 4006 onter
1307 3953 1407 4010 lothar

232 4045 255 4082 r.
267 4027 302 4080 Su
320 4027 445 4098 plinburg
457 4025 483 4081 S.
493 4031 510 4080 8
520 4027 552 4091 i.;
565 4024 692 4092 wichart,
705 4025 891 4094 Forschungen
899 4025 962 4089 XII,
971 4023 998 4078 S.
1008 4029 1057 4090 653
1070 4021 1297 4088 Mourenbrecher,
1310 4023 1405 4082 Gesch.

234 4098 286 4152 der'
298 4044 441 4152 deutschen
460 4095 662 4166 Kduigswahlen
681 4113 739 4150 vom
761 4100 800 4151 lo.
819 4095 861 4148 bis
882 4100 922 4149 13.
934 4095 1028 4150 Juhrh.
1047 4093 1074 4149 S.
1095 4099 1145 4148 138
1163 4093 1182 4149 f.
1220 4093 1262 4174 *Ἴ
1280 4093 1406 4152 Welohen

232 4168 366 4223 Veriasser
393 4168 439 4221 des
464 4166 653 4220 Schriftstdohs
679 4170 767 4220 verrtt
792 4167 862 4220 disse
881 4165 984 4220 Stelle?
1019 4164 1147 4233 tigidius
1166 4162 1307 4219 Sehrerben
1325 4166 1405 4221 Adul-

233 4239 304 4292 berts
329 4257 351 4294 v.
377 4239 464 4292 Meinz
490 4253 523 4291 an
548 4239 632 4308 Papst
654 4236 742 4291 Calixt
759 4237 793 4290 11.
818 4238 883 4290 iiber
907 4237 955 4290 das
973 4235 1106 4289 Wormser
1129 4232 1300 4302 sonuerunt,
1326 4235 1404 4303 Jaffe,

233 4308 397 4364 Bibliotheca
407 4309 440 4375 V,
461 4313 512 4364 518
524 4309 551 4364 ff.
583 4307 746 4378 („Quocirce,
765 4307 787 4360 si
806 4324 852 4378 per
869 4306 948 4361 huius
967 4306 1097 4377 pactionis
1115 4305 1275 4359 occasionem
1294 4307 1404 4362 eandem

234 4397 311 4449 quem
325 4381 397 4451 prius
410 4380 463 4434 sire
475 4379 620 4448 graviorem
639 4379 748 4432 ecclesia
760 4377 809 4431 Dei
829 4378 908 4431 debet
924 4377 1054 4430 sustinere
1072 4376 1233 4441 servitutem,
1253 4376 1337 4430 solum
1355 4378 1405 4432 hoc

234 4455 328 4518 restet,
352 4454 383 4505 ut
406 4467 452 4521 pro
470 4451 560 4520 palma
577 4449 685 4503 victorie
703 4449 736 4503 de
753 4453 838 4502 cetero
857 4448 977 4502 subiecto
994 4446 1032 4501 sit
1049 4445 1084 4500 nd
1102 4445 1213 4500 inierim
1231 4448 1405 4502 contumelias

233 4523 261 4574 et
277 4539 366 4576 omnes
384 4521 562 4592 despectiones
582 4519 760 4590 ignominie.“)

287 4623 410 4677 oreon,
423 4623 523 4666 lenm
538 4622 641 4665 (iernen.
655 4623 741 4664 edecta
755 4623 775 4663 Δ.
1217 4589 1234 4650 Ῑ
