3617 5284
413 519 454 584 ‘16

410 694 515 755 turam
544 690 650 756 illicite
676 691 831 776 suscipere
852 691 980 756 minime
1002 689 1186 756 formidavit
1230 690 1320 772 Quod
1344 711 1437 774 quam
1459 712 1590 777 pravum

411 779 443 840 et
464 776 628 859 indignum
649 777 704 855 sit,
734 777 788 860 qui
810 778 874 842 zelo
896 777 1090 843 rectitudinis
1112 779 1225 854 utitur,
1251 797 1313 842 non
1335 778 1464 860 ignorat.
1508 777 1589 857 Quia

411 881 492 944 ergo
511 864 576 945 pati
602 883 660 928 nec
687 883 854 948 possumus
881 883 939 928 uec
971 863 1133 942 debemus,
1164 863 1247 945 quod
1274 864 1400 928 libertas
1424 864 1587 928 aecclesiae

412 949 584 1026 ancilletur,
605 949 692 1031 vigor
712 950 957 1015 aecclesiasticus
980 949 1188 1014 confundatur
1210 955 1242 1013 et
1263 955 1441 1014 sanctorum
1462 953 1589 1034 patrum

411 1035 647 1099 constitutiones
675 1037 849 1112 irritentur,
875 1055 932 1118 per
960 1036 1117 1118 presentia
1144 1036 1229 1100 vobis
1259 1037 1375 1119 scripta
1403 1036 1588 1101 mandamus

410 1123 505 1202 atquc
531 1121 732 1204 precipimur,
760 1124 932 1203 quatenus,
962 1121 988 1185 si
1017 1121 1174 1205 prodictus
1203 1121 1418 1205 episcopusin
1441 1122 1588 1186 aecclesia

409 1212 514 1270 vestra
528 1225 562 1270 se
577 1207 715 1288 ingerere
732 1209 971 1290 attemptaverit,
995 1207 1023 1271 ei
1039 1208 1182 1272 assistere
1205 1226 1260 1271 sau
1282 1208 1385 1272 favere
1406 1209 1585 1273 nullatenus

409 1292 612 1375 presumatis,
646 1298 695 1356 set
728 1293 766 1358 ab
800 1312 835 1358 eo
869 1298 1030 1375 tamquam
1057 1295 1095 1359 ab
1123 1295 1263 1358 invasore
1292 1293 1415 1378 penitus
1444 1293 1585 1371 caveatis,

410 1377 526 1454 scituri,
549 1377 638 1459 quod,
662 1379 714 1460 qui
729 1379 819 1443 aliter
833 1378 1065 1463 presumpserit,
1087 1379 1178 1444 officii
1197 1381 1245 1444 sui
1268 1382 1300 1444 et
1321 1379 1460 1444 beneficii
1481 1381 1587 1464 procul

411 1463 502 1527 dubio
525 1465 677 1528 iacturam
698 1465 842 1529 incurret
886 1464 969 1528 Data
992 1463 1099 1546 Signie
1121 1465 1190 1528 Kal.
1214 1465 1357 1547 Augusti.

521 1636 555 1710 b)
579 1636 752 1705 Sobraibec
776 1637 899 1720 [opem
922 1637 965 1704 tlt.
988 1654 1028 1706 ac
1051 1637 1102 1706 dte
1124 1637 1297 1706 demscbeo
1321 1637 1480 1719 Btaobdte,

879 1718 925 1794 tt.
947 1723 1022 1807 tuo.
1046 1719 1118 1793 not.

597 1821 725 1888 (wibaldi
742 1839 800 1894 epp.
819 1840 858 1876 nr.
878 1828 943 1890 4023
962 1823 1039 1890 taffo,
1058 1823 1225 1878 Bibliotheca
1243 1823 1265 1890 l,
1285 1828 1336 1878 535
1355 1824 1393 1888 ff.)

493 1923 653 2004 Eugenius
682 1922 842 2005 episcopus
869 1941 976 1987 servus
1003 1941 1161 1987 servorum
1183 1921 1240 1985 Dei
1269 1922 1495 1988 venerabilibus
1525 1925 1586 1988 fra-

408 2010 508 2074 tribus
530 2007 733 2092 E(berhard0)
757 2007 987 2090 salzburgensi,
1015 2006 1174 2091 A(rtuico)
1196 2007 1358 2072 Bremensl
1388 2015 1420 2072 ct
1443 2009 1584 2092 Hi(llino)

407 2095 580 2159 trevirorum
607 2093 856 2177 archiepiscopis,
885 2092 1089 2177 Esperherdc)
1116 2093 1353 2174 Bambergensi,
1380 2094 1585 2178 H(ermanno)

407 2179 654 2254 Constantieusi,
675 2178 834 2262 Htenrioo)
857 2179 1088 2252 Ratisbonensi,
1113 2179 1245 2264 Otttoni)
1268 2179 1471 2262 Frisingensi,
1494 2182 1586 2265 C(on-

408 2267 495 2348 rado)
524 2265 715 2341 Patabiensi,
744 2265 892 2348 Dtanieli)
917 2265 1080 2348 Pragensi,
1110 2265 1285 2348 A(nselmo)
1306 2267 1525 2349 Avelbergensi
1555 2271 1586 2332 et

406 2350 613 2502 (llilmrchardo)
636 2351 833 2433 Egistedensi
862 2351 1024 2435 episcopis,
1055 2352 1189 2415 salutem
1219 2355 1250 2414 et
1272 2352 1472 2434 apostolicam
1495 2353 1586 2418 benc·

358 2465 363 2474 ·
430 2438 581 2503 'ctionem

494 2523 676 2601 Litteras,*l
710 2541 788 2604 quas
810 2542 865 2606 pro
888 2541 984 2587 causa
1005 2522 1259 2605 Medeburgcnsis
1282 2523 1448 2588 aecclesiae
1481 2529 1584 2590 vestra

405 2609 495 2674 nobis
527 2609 693 2693 prudentia
725 2608 891 2689 delegavit,
929 2607 1034 2671 debita
1066 2608 1256 2690 benignitate
1291 2610 1493 2692 suscepimus.
1546 2611 1583 2676 In

405 2695 536 2761 lectione
569 2696 674 2758 autom
707 2696 739 2757 et
771 2693 943 2775 cognitione
969 2693 1107 2776 ipsarum
1136 2699 1261 2776 stupore
1288 2694 1384 2759 nimio
1413 2698 1445 2760 et
1474 2699 1583 2760 ammi·

406 2781 526 2846 ratione
547 2779 657 2863 repleti
681 2798 798 2856 sumus,
821 2799 856 2843 eo
876 2779 959 2862 quod
980 2779 1071 2861 longe
1095 2780 1178 2843 aliud
1200 2780 1234 2842 in
1257 2779 1309 2855 eis,
1332 2799 1426 2861 quam
1440 2783 1526 2847 vobis
1549 2801 1585 2846 aa

407 2867 506 2931 officio
534 2865 733 2950 pontificatus
760 2865 933 2942 immineat,
961 2866 1173 2948 perspeximus
1200 2866 1356 2930 contineri
1400 2867 1480 2932 Cum
1503 2869 1584 2932 subu

404 2953 437 3016 in
471 2952 636 3016 aecclesiae
657 2951 770 3015 vertice
793 2951 860 3016 sitis
882 2971 920 3015 ex
942 2951 1046 3016 divina
1066 2950 1260 3035 providentia
1282 2953 1457 3030 constituti,
1488 2960 1526 3017 ut
1547 2954 1583 3017 de

406 3038 507 3103 medio
530 3039 610 3115 eius,
634 3055 713 3118 quae
735 3036 851 3101 brennt
871 3037 992 3114 nociva,
1013 3037 1196 3120 propellere,
1220 3057 1298 3119 quae
1322 3038 1425 3114 utilia,
1448 3039 1583 3104 debeatis

407 3127 527 3189 attento
559 3123 663 3188 studio
696 3141 890 3199 conservare,
922 3123 955 3186 in
984 3142 1078 3187 causa
1104 3124 1179 3198 iste,
1212 3123 1293 3189 sicut
1321 3142 1357 3187 ex
1386 3125 1582 3207 suggestione

406 3212 582 3274 litterarum
604 3213 778 3274 vestrarum
802 3210 888 3273 nobis
911 3208 1053 3286 innotuit,
1075 3229 1136 3274 non
1159 3209 1234 3290 quid
1256 3209 1397 3293 expediat
1420 3211 1582 3276 aecclesiae

406 3296 473 3373 Dei,
496 3295 572 3378 quid
594 3313 750 3360 sacrorum
772 3313 925 3359 canonum
954 3295 1103 3359 sanctioni
1126 3295 1301 3372 concordet,
1332 3294 1405 3377 quid
1434 3296 1543 3362 exinde
1565 3316 1583 3360 a

406 3382 513 3447 celesti
534 3382 649 3446 arbitro
672 3381 900 3465 comprobetur,
924 3383 973 3444 set
995 3381 1069 3462 quid
1092 3379 1221 3445 terrenis
1244 3381 1432 3465 principibus
1455 3383 1581 3466 placeat,

405 3466 593 3534 attendistis.
636 3467 678 3530 Idt
707 3468 760 3549 qui
791 3486 896 3531 eorum
926 3466 1045 3531 animos
1077 3484 1174 3530 asua
1195 3467 1298 3531 minus
1319 3472 1404 3532 recta
1431 3468 1581 3534 debuistis

406 3555 577 3618 intentione
593 3553 753 3618 deflectere
777 3555 871 3634 atque
892 3552 946 3616 ubi
970 3556 1051 3617 esset
1066 3553 1189 3617 Domini
1209 3553 1260 3616 vie
1281 3553 1500 3629 demonstrare,
1522 3575 1582 3618 non

405 3640 602 3724 persuasistis
640 3639 721 3720 quod
757 3641 878 3702 rectum
915 3645 977 3715 est,
1013 3659 1070 3704 nec
1101 3639 1231 3702 stetistis
1265 3658 1375 3702 murus
1403 3659 1459 3723 pro
1493 3639 1582 3704 domo

403 3727 517 3800 Israel;
541 3727 617 3808 quin
638 3725 734 3788 immo
755 3724 844 3806 ipsis,
868 3728 904 3788 ut
927 3725 970 3788 ait
992 3725 1155 3807 propheta,
1177 3725 1328 3807 parietem
1351 3723 1583 3802 edifficantibus,

406 3833 469 3891 vos,
491 3812 573 3894 quod
597 3811 663 3874 sine
685 3810 794 3891 grandi
817 3811 914 3874 animi
936 3829 1060 3874 rancore
1082 3809 1132 3874 vix
1155 3809 1302 3887 dicimus,
1329 3810 1472 3874 linivistis
1495 3811 1582 3875 illum

406 3901 473 3963 luto
496 3899 613 3979 absque
635 3896 741 3979 paleis.
784 3896 859 3980 Non
878 3897 923 3961 sic
944 3896 1096 3961 sentiebat
1117 3895 1259 3978 princeps
1282 3896 1507 3978 apostolorum,
1530 3898 1582 3978 qui

407 4004 444 4049 er
465 3984 537 4048 fidei
559 4001 634 4046 suae
656 3981 854 4057 confessione,
878 3985 914 4045 ut
935 3981 1030 4046 totius
1053 3981 1216 4046 aecclesiae
1232 3981 1470 4046 tundamentum
1493 3986 1582 4058 esset,

409 4070 541 4154 accepit;
565 4071 613 4133 set
627 4068 886 4132 comminantibus
909 4067 1003 4131 seculi
1026 4067 1096 4132 tiliis
1120 4070 1152 4131 st
1166 4067 1319 4150 apostolis,
1343 4069 1368 4132 si
1390 4068 1583 4151 predicarent

404 4156 437 4220 in
466 4156 590 4220 nomine
616 4153 702 4229 Iesu,
729 4154 838 4218 mortis
867 4153 1083 4217 exterminium
1111 4153 1353 4231 intentantibus,
1385 4153 1518 4219 confisus
1545 4154 1581 4218 de

407 4242 532 4307 Domini
564 4241 694 4316 virtute,
727 4239 900 4323 respondit:
941 4238 1071 4322 Oportet
1104 4239 1226 4304 obedire
1259 4240 1324 4303 Deo
1358 4239 1458 4321 magis
1488 4259 1582 4323 quam

406 4329 591 4393 bominibus.
636 4325 699 4390 Vos
722 4329 843 4402 autem,
868 4345 908 4390 ne
932 4345 950 4388 a
972 4325 1102 4390 terrenis
1125 4325 1290 4390 videamini
1311 4325 1500 4409 principibus
1523 4327 1583 4391 dis-

491 4484 505 4514 *
538 4483 631 4539 Dieses
649 4485 790 4540 Schroiben
807 4486 845 4539 ist
863 4485 978 4540 verloren
997 4502 1146 4554 gegaugen.
