3617 5284
375 529 418 592 40

377 701 474 781 quieti
504 701 585 764 inter
611 701 661 784 pie
688 701 827 766 virentes
849 705 932 764 stare
954 700 1124 777 ridebatur,
1152 701 1316 764 concussit.
1352 700 1555 783 Quapropter,

376 791 413 849 ut
433 787 639 868 praelibatum
661 791 716 864 est,
739 807 795 851 nos
817 791 942 850 auctore
964 787 1029 850 Deo
1052 787 1229 868 congregrati
1252 786 1283 849 in
1307 806 1413 862 unum,
1444 788 1555 868 legatis

376 891 412 935 ac
434 873 545 936 litteris
568 872 639 936 freti
664 875 702 936 19
725 874 938 955 episcoporum
964 871 1013 936 die
1036 878 1142 937 sancto
1174 872 1333 954 praeteriti
1355 873 1554 936 Pentecostes

375 957 552 1039 Mogontiaa
575 963 832 1040 congregatorum
858 961 994 1022 contras
1016 958 1149 1022 eundem
1173 958 1426 1040 procacIssimum
1447 958 1555 1021 Hilde-

376 1043 530 1107 brandum
546 1043 707 1125 sacrilegia
722 1064 757 1108 ac
777 1043 919 1108 incendia
932 1043 1171 1126 praedicantem,
1193 1043 1329 1126 periuria
1343 1049 1375 1107 et
1389 1044 1556 1108 homicidia

376 1129 606 1206 defendentem,
636 1130 818 1194 catholicam
849 1135 943 1210 atque
970 1131 1170 1213 apostolicam
1198 1129 1291 1192 fidem
1317 1129 1355 1192 de
1377 1149 1500 1212 corpore
1523 1135 1555 1194 et

376 1215 527 1296 sanguine
548 1215 675 1278 Domini
700 1216 732 1278 in
755 1215 969 1296 quaestibnem
989 1219 1170 1299 ponentem,
1197 1215 1344 1279 haeretiei
1373 1215 1552 1296 Berengarii

377 1301 543 1381 antiquum
564 1301 759 1384 discipulum,
782 1301 1010 1365 diuinationum
1031 1306 1064 1365 et
1085 1302 1276 1365 somniorum
1291 1301 1442 1365 cultorem
1456 1302 1555 1364 mani·

376 1386 500 1464 festum,
523 1387 794 1464 nicromanticum,
817 1387 985 1469 phytonico
1007 1387 1119 1469 spiritu
1140 1388 1346 1463 laborantem,
1368 1391 1400 1450 et
1422 1387 1453 1450 id
1474 1388 1555 1451 circo

376 1491 395 1534 a
416 1491 489 1535 vera
509 1471 569 1535 lide
592 1473 822 1548 exorbitantem,
845 1471 1020 1537 iudicamus
1042 1473 1186 1537 canonice
1208 1472 1432 1555 deponendum,
1455 1477 1487 1536 et
1505 1492 1556 1536 ex-

376 1557 562 1638 pellendum,
589 1563 620 1621 et
647 1558 707 1622 nisi
737 1559 775 1622 ab
798 1559 866 1640 ipsa
893 1558 966 1622 sede
991 1559 1041 1622 his
1063 1559 1177 1622 auditis
1200 1558 1402 1633 descenderit,
1433 1558 1465 1622 in
1486 1579 1556 1640 per-

375 1647 506 1725 petuum
536 1643 804 1708 condenmandum
827 1644 943 1726 (fulgen
969 1644 1019 1708 die
1040 1644 1292 1709 Untcrschriiten
1306 1643 1361 1707 der
1382 1644 1555 1708 Bischofeb

376 1766 417 1774 -
440 1747 535 1793 rorau
556 1729 606 1793 dic
629 1729 683 1794 des
705 1729 873 1794 Kardinals
894 1730 988 1812 Ilugo
1011 1730 1169 1794 Candidus
1192 1768 1233 1776 -
1255 1730 1320 1793 und
1342 1728 1396 1793 des
1411 1730 1556 1811 Kimigst·

871 1904 1079 1912 ——-—--.--n

375 1999 445 2085 lll.
478 1998 644 2086 Schrclbcu
679 2003 814 2105 drogon
831 2002 983 2206 dulim
1014 2001 1143 2206 lllggplol
1174 2001 1327 2087 lernam
1366 2025 1423 2087 ron
1464 2002 1556 2100 dcta,

870 2183 877 2202 .
933 2143 991 2206 arr
1090 2180 1100 2201 .

601 2248 692 2318 (Greg.
705 2249 764 2302 VII.
783 2250 848 2317 Reg.
861 2249 936 2316 VIII,
954 2250 1002 2302 Nr.
1022 2253 1071 2316 213
1090 2248 1159 2303 Jalhi
1177 2249 1213 2314 II,
1233 2250 1330 2318 asan.)

461 2366 629 2448 Gregorius
651 2367 813 2450 episeopus
837 2387 944 2432 servus
973 2387 1133 2431 serrorum
1154 2368 1212 2430 Dei
1236 2367 1347 2431 dilecto
1371 2368 1404 2430 in
1430 2368 1553 2433 Christo

376 2450 463 2514 fratri
486 2452 676 2516 Herimanno
698 2453 831 2517 Motensi
860 2453 1001 2536 episcopo
1030 2455 1166 2517 salutem
1188 2460 1219 2519 et
1241 2455 1442 2535 apostolicam
1462 2456 1555 2518 bene-

377 2537 551 2600 dictionem.

463 2622 553 2700 Quod
575 2623 613 2687 ad
635 2624 832 2706 perferendos
846 2626 966 2689 labores
989 2646 1024 2689 ac
1045 2625 1184 2708 pericula
1204 2644 1259 2706 pro
1281 2623 1458 2689 defensione
1475 2627 1554 2690 ueri·

377 2707 452 2771 tatis
475 2713 506 2772 te
528 2715 672 2792 paratum
687 2710 899 2792 intelligImus,
922 2710 1015 2774 divini
1039 2711 1178 2774 muneris
1200 2730 1267 2775 esse
1288 2730 1351 2775 non
1367 2712 1555 2776 dubitamus.

378 2793 475 2858 Graius
503 2795 580 2859 haec
609 2799 657 2858 est
683 2795 846 2860 ineffabilis
872 2798 973 2877 gratia
1000 2802 1032 2860 ct
1056 2797 1136 2860 mira
1157 2797 1329 2873 clementia,
1362 2799 1444 2878 quod
1474 2818 1554 2861 nuu-

380 2899 473 2960 quam
497 2881 609 2944 electos
632 2900 704 2945 suos
726 2883 851 2965 penitus
874 2883 1017 2946 aberrare
1038 2883 1199 2965 permittit,
1228 2902 1390 2963 nunquam
1412 2883 1554 2947 handitus

378 2965 557 3029 labefactari
580 2971 634 3030 aut
649 2967 726 3031 deici
743 2967 831 3042 sinit;
855 2967 931 3031 dum
954 2987 1014 3043 eos,
1029 2968 1250 3051 persecutionis
1266 2972 1403 3050 tempore
1419 2970 1554 3050 quadam

377 3051 447 3113 utili
470 3052 648 3133 probatione
671 3052 834 3130 discussos,
857 3054 952 3117 etiam
966 3059 1037 3137 post
1051 3053 1288 3136 trepidationem
1304 3055 1440 3136 aliquam
1456 3060 1554 3119 semet

378 3137 454 3219 ipsis
476 3137 617 3202 fortiores
640 3137 721 3202 facit.
749 3137 902 3218 Quoniam
926 3144 1032 3203 autem
1049 3177 1090 3184 —
1106 3140 1188 3204 siout
1202 3141 1284 3203 intcr
1298 3141 1426 3221 ignaros
1450 3141 1554 3218 alium,

379 3242 439 3303 qno
463 3223 585 3306 turpius
608 3224 667 3287 alio
689 3223 796 3306 fugiat,
827 3226 920 3289 timor
949 3227 1105 3289 exanimat
1126 3263 1166 3269 —
1190 3225 1235 3289 ita
1256 3226 1351 3289 etiam
1373 3227 1454 3290 inter
1475 3232 1553 3292 stre-

376 3327 455 3371 nuos
478 3309 582 3386 alium,
605 3329 666 3390 quo
687 3309 797 3374 fortius
816 3311 875 3375 alio
898 3316 971 3392 agat
994 3332 1054 3394 quo
1075 3309 1234 3376 ardentius
1257 3317 1444 3395 prorumpat,
1466 3314 1553 3377 virile

376 3399 485 3476 pectus
506 3393 687 3473 inflammat,
720 3397 778 3460 hoc
799 3397 921 3460 caritati
944 3402 1016 3461 tuae
1037 3398 1256 3462 exhortationis
1279 3417 1350 3462 voce
1378 3399 1554 3462 curavimus

378 3481 608 3544 commendare:
643 3486 679 3543 ut
701 3501 735 3546 eo
757 3483 859 3565 magis
886 3483 919 3545 in
941 3484 1005 3547 acie
1026 3481 1212 3547 christianae
1240 3483 1395 3564 religionis
1417 3489 1500 3548 stare
1523 3490 1553 3547 te

378 3565 510 3629 delectet
530 3566 612 3630 iuter
633 3567 756 3649 primos,
790 3589 851 3650 quo
873 3588 925 3632 eos
947 3589 1009 3633 non
1037 3568 1161 3632 dubitas
1183 3569 1290 3632 victori
1312 3569 1377 3632 Deo
1398 3572 1552 3652 proximos

379 3657 472 3732 atquo
495 3651 702 3733 dIgnissimos.

463 3737 554 3814 Quod
586 3743 691 3803 alutem
730 3740 908 3822 postulasti,
955 3742 986 3804 te
1020 3743 1107 3821 quasi
1142 3741 1255 3804 nostris
1293 3741 1416 3823 scriptis
1455 3741 1550 3805 iuvari

379 3841 414 3886 ac
434 3825 623 3904 praemuniri
656 3831 763 3889 contra
794 3825 917 3889 illomm
947 3826 1115 3901 insaniam,
1152 3826 1206 3907 qui
1234 3826 1366 3890 nefando
1399 3846 1451 3889 cre
1484 3845 1553 3907 gar-

377 3909 478 3972 riunt:
515 3911 731 3974 alletoritatem
765 3917 890 3975 sanctae
924 3914 956 3974 et
992 3913 1176 3994 apostolicae
1209 3912 1290 3975 sedis
1321 3932 1383 3975 non
1416 3912 1553 3994 potuisse

378 4013 484 4076 regern
504 3994 684 4074 Hominum,
707 3997 864 4061 hominem
885 3997 1071 4061 christianae
1093 3998 1170 4079 legis
1186 4002 1436 4080 contemptorem,
1458 3998 1553 4061 eccle-

378 4080 494 4143 siarum
509 4080 651 4146 videlicet
674 4087 705 4146 et
727 4083 846 4166 imperii
869 4081 1118 4147 dissuasorem>
1138 4089 1231 4165 atque
1252 4083 1459 4147 hereticorum
1481 4103 1553 4147 arro-

377 4170 476 4228 torem
499 4169 531 4229 et
552 4173 801 4244 consentaneum,
825 4169 1097 4246 excommunicare,
1122 4188 1179 4232 nec
1201 4188 1391 4250 quemquam
1413 4189 1432 4232 a
1453 4189 1554 4233 sacra-

377 4256 481 4315 mento
496 4252 656 4318 fidelitatis
669 4255 735 4318 cius
751 4255 916 4332 absolvere,
931 4273 993 4318 non
1009 4255 1084 4319 adeo
1099 4255 1308 4319 necessarium
1322 4253 1552 4328 nobisvidetu13

379 4383 587 4392 ——ss

466 4424 491 4494 a)
511 4441 607 4479 nos...
640 4428 731 4478 contra
764 4424 831 4478 fehlt
862 4425 899 4478 im
926 4425 989 4480 Cod.
1008 4425 1060 4480 Ud.
1108 4426 1136 4494 b)
1159 4425 1227 4478 nach
1257 4425 1316 4478 dam
1343 4424 1406 4480 Ccd.
1431 4425 1551 4480 Hannon

377 4501 400 4560 a)
418 4495 585 4550 ecclesiarum
596 4537 602 4550 .
657 4495 846 4550 destructorem
864 4495 933 4550 lisst
949 4496 1029 4565 Hugo
1047 4514 1070 4551 r.
1089 4495 1218 4567 Flavigrn’
1237 4513 1301 4565 weg.
