3617 5284
345 503 388 568 56

200 685 204 694 ·
307 671 309 675 ’
344 673 656 740 annumeratum
682 676 816 759 populus
842 695 915 741 cum
943 677 1011 761 ipso
1037 695 1110 760 roge
1143 696 1200 743 suo
1229 681 1337 742 contra
1358 677 1524 760 imperium

345 759 612 844 precellentissimi
642 761 783 842 germani
810 763 923 848 nostri,
953 763 1001 826 tui
1031 761 1148 828 scilicet
1176 763 1388 846 glcnosrssrmr
1411 763 1526 845 sponsi,

345 845 536 929 conspiraret
557 848 589 910 et
611 864 698 912 arma
719 866 850 926 movere,
873 851 998 913 auctore
1020 850 1052 912 et
1072 849 1230 914 incentore
1249 849 1363 931 Sicilye
1385 851 1525 931 tyranne,

345 951 418 997 cum
440 933 524 996 omni
546 931 670 997 virtutis
692 952 767 998 suae
789 938 902 1004 conatu
926 933 1109 1018 disponeret
1140 933 1244 1014 Quam
1265 954 1332 999 rem
1353 953 1415 999 uon
1437 932 1526 998 facile

346 1017 553 1101 spernendam
569 1018 633 1082 val
663 1019 867 1084 omittendam
895 1023 1001 1084 ratum
1030 1018 1190 1098 duximus,
1222 1023 1270 1086 set
1297 1021 1392 1084 finem
1420 1038 1525 1084 rerum

346 1107 507 1187 expectare
535 1107 567 1168 et
595 1105 652 1168 aut
676 1107 851 1170 tumultum
879 1105 1047 1189 reprimere
1077 1109 1209 1171 autres
1232 1105 1450 1190 etimperium
1472 1125 1526 1170 no-

346 1192 448 1254 strum
480 1208 536 1272 pro
568 1188 663 1254 fratre
696 1194 802 1256 nostru
835 1194 867 1256 et
895 1192 989 1256 rebus
1017 1190 1115 1274 ipsius
1143 1210 1296 1275 opponere
1325 1191 1524 1256 decrevimus.

345 1276 517 1340 Excusatos
539 1294 596 1339 nea
618 1275 807 1342 sufficienter
830 1277 993 1355 credimus,
1015 1276 1156 1356 veritatis
1173 1279 1322 1343 existente
1342 1276 1525 1354 constantia

291 1371 295 1377 '
345 1364 412 1425 tam
441 1361 479 1426 de
507 1362 672 1426 incursatis
694 1363 782 1444 regni
802 1362 901 1428 nostri
923 1363 1036 1427 finibus
1059 1381 1153 1445 quam
1176 1364 1213 1428 de
1235 1363 1439 1428 invalitudine
1461 1383 1527 1428 cor·

345 1447 453 1531 parali.
497 1447 539 1510 Et
560 1447 652 1530 plane
675 1447 712 1512 de
734 1448 838 1513 divino
861 1447 1013 1513 adiutorio
1036 1448 1226 1526 confidimus,
1249 1449 1331 1533 quod
1352 1451 1393 1514 in
1415 1450 1525 1514 brevi

345 1534 544 1616 promissa
574 1536 716 1598 nostra
748 1533 927 1599 fideliter
960 1535 1254 1617 complebimus,
1287 1555 1362 1601 non
1396 1535 1525 1600 solum

345 1620 437 1701 quia
458 1619 753 1702 spopondimus,
775 1639 907 1684 verum
928 1619 1053 1685 etiarn
1074 1620 1163 1704 quia
1184 1641 1256 1686 nos
1279 1621 1323 1686 de
1345 1623 1526 1686 invasore

346 1703 508 1789 imperii
529 1705 659 1769 nostri
680 1704 883 1770 vindicare
907 1724 1155 1789 summopere
1177 1707 1460 1772 desideramus.

431 1790 474 1853 Ilt
503 1792 541 1854 ut
567 1791 724 1873 precelsus
753 1791 799 1856 vir
825 1793 900 1857 tuus
928 1790 1077 1856 maiorem
1105 1792 1143 1856 de
1165 1793 1253 1858 nobis
1276 1793 1414 1858 amicicie
1436 1793 1526 1858 certi·

345 1875 487 1940 tudinem
508 1878 541 1941 et
563 1875 750 1959 adimplendi
773 1879 991 1942 conventiones
1012 1877 1141 1955 habeat,
1169 1879 1337 1944 firmiorem
1366 1880 1449 1944 inter
1469 1898 1525 1943 nos

346 1960 544 2038 affinitatem,
567 1961 658 2026 sicuti
680 1981 752 2027 cum
772 1966 934 2046 presentes
957 1981 1096 2028 essemus
1117 1963 1199 2029 inter
1220 1983 1277 2028 nos
1300 1967 1471 2029 tractatum
1493 1967 1525 2028 et

345 2047 505 2111 firmatum
526 2046 594 2124 fuit,
617 2047 657 2111 ad
678 2067 806 2131 presens
827 2049 894 2113 fieri
916 2047 1123 2131 disponimus,
1144 2049 1189 2114 ita
1210 2049 1369 2114 videlicet:
1398 2055 1435 2114 ut
1462 2050 1527 2132 glo·

346 2133 447 2197 riosus
467 2132 551 2197 filius
572 2137 692 2211 noster,
714 2134 766 2216 qui
787 2135 909 2219 imperii
931 2135 1029 2198 nostri
1051 2153 1210 2200 successor
1240 2140 1271 2200 et
1292 2136 1382 2200 bores
1405 2141 1453 2199 est
1475 2135 1527 2200 de·

347 2217 488 2300 signatus
503 2219 535 2282 et
551 2220 725 2296 coronatus,
745 2223 872 2302 neptem
886 2239 983 2284 unam
999 2219 1103 2284 mariti
1119 2220 1174 2298 tui,
1197 2221 1338 2286 sublimis
1357 2221 1526 2286 Greeorum

345 2303 556 2387 imperatoris,
586 2322 715 2368 uxorem
734 2306 872 2388 presenti
893 2308 1033 2389 tempore
1056 2305 1164 2383 ducat,
1196 2306 1233 2370 de
1264 2306 1385 2372 duabus
1407 2306 1524 2372 scilicet

347 2390 486 2454 alteram
530 2388 617 2469 Quae
641 2390 749 2456 electio
771 2390 804 2455 in
825 2391 874 2456 tui
894 2391 1028 2474 pecteris
1052 2391 1204 2476 sapientia
1224 2392 1392 2470 constabit,
1414 2395 1451 2456 ut
1471 2392 1526 2456 illa

346 2474 435 2540 nobis
457 2476 697 2554 transmittatur,
719 2495 779 2560 que
801 2477 939 2542 muribus
958 2480 990 2542 et
1006 2477 1107 2542 forma
1121 2481 1267 2543 noscetur
1289 2497 1308 2542 a
1329 2481 1369 2555 te,
1390 2497 1450 2560 que
1473 2497 1525 2542 aas

348 2560 500 2638 educasti,
532 2561 714 2644 precellere,
746 2561 828 2627 sicut
859 2563 957 2627 honor
989 2562 1152 2645 utriusque
1185 2563 1308 2661 imperii
1340 2569 1372 2630 ot
1400 2565 1526 2648 predul·
1606 2613 1607 2616 ,

346 2646 463 2711 cissimi
490 2647 613 2730 nepotis
641 2647 688 2712 tni
715 2648 866 2713 celsitudo
894 2667 972 2731 opus
1001 2648 1114 2714 hebere
1135 2649 1167 2713 in
1190 2649 1246 2713 tab
1267 2669 1301 2714 re
1324 2650 1527 2734 cognoscitur.

347 2731 459 2797 Cetera
480 2751 565 2810 vero,
594 2751 654 2816 que
683 2733 722 2797 ad
745 2734 879 2798 eundem
900 2737 1096 2799 contractum
1118 2733 1177 2799 rite
1199 2735 1410 2820 peragendum
1432 2737 1527 2819 perti-

347 2836 421 2882 nere
449 2817 608 2896 videntur,
636 2820 797 2902 posuimus
825 2821 858 2884 in
887 2839 939 2885 ore
968 2820 1089 2885 comitis
1119 2821 1288 2886 Alexandri
1317 2822 1355 2886 de
1384 2821 1527 2898 Gravina,

345 2905 400 2986 qui
421 2904 544 2986 utrique
566 2904 696 2987 imperio
711 2906 863 2988 perpetua
875 2905 1028 2971 fidelitate
1050 2905 1165 2971 servire
1179 2907 1346 2972 manifeste
1360 2908 1528 2983 consuevit,

347 2992 379 3054 et
393 2990 478 3054 verbi
493 2990 587 3055 huius
603 2990 756 3056 mediator
771 2994 802 3055 et
816 2993 993 3057 amatore
1010 3011 1047 3056 ex
1060 2996 1205 3076 precepto
1220 2999 1431 3075 utrorumque,
1454 3011 1526 3056 cum

348 3075 432 3158 apud
460 3093 515 3140 vos
542 3094 690 3140 essemus.
740 3076 855 3157 Quem,
885 3078 918 3141 in
943 3078 1036 3142 rebus
1064 3077 1186 3160 imperii
1214 3079 1308 3143 vestri
1334 3078 1466 3142 fideliter
1492 3081 1529 3142 ut

347 3180 470 3246 semper
491 3163 570 3226 solet
591 3162 802 3240 laborantem,
825 3182 844 3227 a
864 3163 1001 3228 Venecia
1022 3163 1152 3228 fecimus
1175 3164 1214 3228 ad
1236 3183 1293 3229 nos
1315 3164 1430 3241 uocari,
1452 3183 1529 3246 qua-

348 3247 433 3312 tinus
455 3266 511 3330 per
533 3247 600 3311 eius
620 3247 809 3314 industriam
831 3251 987 3314 secretum
1008 3249 1081 3326 hoc,
1109 3249 1191 3314 sicut
1213 3250 1246 3314 in
1267 3250 1378 3314 ceteris
1400 3269 1529 3315 consue-

348 3332 457 3411 vimus,
480 3333 519 3398 ad
535 3333 695 3415 egregium
716 3336 820 3400 valeat
840 3336 936 3400 finem
957 3335 1093 3419 perduci.
1129 3335 1176 3400 De
1199 3337 1288 3401 cuins
1310 3336 1402 3400 celeri
1423 3355 1526 3400 rever·
1638 3357 1639 3362 ¹

348 3420 434 3484 sione
463 3420 630 3500 benignam
656 3419 896 3502 intelligentiam
927 3427 1015 3486 tuam
1038 3421 1174 3486 studiose
1198 3421 1418 3497 admonemus;
1447 3423 1528 3504 quie,

348 3524 420 3570 cum
442 3504 585 3569 sublimis
607 3524 702 3589 nepos
716 3509 791 3572 tuus
803 3507 867 3572 ianr
881 3507 1008 3572 adultus
1026 3507 1074 3582 sit,
1097 3511 1225 3590 oportet,
1247 3511 1284 3572 ut
1298 3510 1365 3572 tam
1378 3527 1527 3591 personae

347 3591 446 3676 ipsius
468 3610 563 3672 quam
584 3591 713 3674 imperio
735 3595 842 3657 nostro
864 3593 1118 3658 incontrahendo
1135 3594 1330 3659 matrimonio
1353 3593 1419 3658 sine
1441 3613 1528 3658 mora

348 3677 574 3760 provideamus.
619 3676 703 3742 Scire
724 3682 856 3762 possunt
878 3679 994 3744 inimici
1016 3678 1129 3757 nostri,
1158 3681 1211 3761 qui
1232 3679 1527 3744 disseminando

349 3762 549 3828 mendatia
575 3764 741 3828 turbare
770 3785 838 3830 nus
866 3768 904 3830 et
933 3765 1159 3847 disiungere
1189 3766 1419 3842 moliuntur,
1448 3765 1529 3848 quod

352 3849 507 3914 amiciciae
528 3852 634 3914 nostre
655 3869 754 3916 nexus
775 3851 997 3916 indissolubilis
1017 3851 1237 3936 perseveret*)

835 4028 1043 4035 ————.

437 4180 465 4228 al
484 4173 553 4227 nach
570 4169 639 4224 Jafid
656 4171 694 4225 ist
711 4172 769 4226 hier
786 4173 839 4226 luit
856 4171 1026 4242 ausgeiallen.

437 4247 463 4312 ⁸)
480 4234 552 4298 Uber
570 4242 612 4296 die
630 4241 778 4311 Versuche‚
805 4243 913 4298 Kourad
931 4259 990 4297 rom
1009 4241 1158 4296 Blinduisse
1176 4243 1228 4296 mit
1245 4243 1353 4297 Mannel
1372 4243 1529 4297 abruaiehen

350 4315 404 4369 und
428 4315 479 4368 mit
496 4314 584 4384 Rogat
608 4314 802 4382 auszusbhnen,
826 4313 944 4368 schreibt
959 4312 1067 4366 Wibald
1089 4313 1127 4367 im
1144 4312 1169 4366 A
1188 4313 1220 4367 ril
1242 4317 1309 4368 1150
1337 4331 1370 4368 an
1396 4314 1446 4368 den
1464 4314 1531 4367 Kar-

352 4385 523 4440 dinaldialrou
542 4383 628 4440 Guidc
647 4383 727 4452 (wib.
746 4403 805 4457 epp.
822 4402 863 4438 nr.
883 4389 948 4450 2523
966 4382 1048 4449 Jafft,
1066 4383 1154 4438 Biblio
1187 4401 1233 4437 eca
1251 4385 1273 4451 I,
1293 4389 1344 4440 377
1364 4385 1407 4453 f.):
1433 4385 1530 4452 „Porro

350 4457 379 4510 iu
403 4456 489 4526 capite
513 4454 713 4526 quadragesime
738 4462 774 4523 (1.
796 4456 878 4520 Mirr)
908 4455 1017 4510 domnus
1041 4455 1145 4508 abbas
1169 4454 1441 4510 clarevallensis
1466 4455 1529 4523 (vgl.
