3617 5284
1373 553 1432 616 101

257 720 415 802 conpilata
442 723 574 786 noticiae
600 726 672 788 tuae
702 722 834 787 libenter
861 723 1165 799 commendaremus,
1193 723 1252 788 uisi
1282 724 1364 806 quod
1395 723 1435 786 ad

258 804 493 872 similitudinem
522 809 660 891 priorum
689 814 861 890 gestorum,
891 828 971 890 quae
999 810 1038 873 ab
1066 809 1331 874 excelleutissimis
1362 810 1435 874 viris

259 890 342 955 edita
363 897 446 970 sunt,
469 895 570 976 magis
592 894 652 958 dici
674 898 807 977 possunt
827 896 938 958 umbra
960 913 1056 976 quam
1078 895 1168 958 iacta.
1212 895 1339 972 Tamen,
1362 896 1436 976 quia

258 979 349 1040 tuum
371 981 548 1061 preclarum
570 981 730 1061 ingenium
752 980 884 1045 humilia
905 981 1051 1044 extollere
1075 984 1106 1044 et
1128 981 1166 1044 de
1188 1000 1283 1064 parva
1304 981 1437 1045 materia

258 1063 359 1126 multa
373 1067 507 1130 scribere
530 1067 624 1142 novit,
646 1067 717 1149 plus
740 1067 847 1131 contisi
869 1067 933 1130 tuis
955 1066 1101 1131 laudibus
1117 1086 1212 1149 quam
1234 1067 1349 1131 nostris
1370 1087 1435 1130 me·

256 1148 342 1226 ritis,
375 1152 534 1214 tantillum
563 1153 634 1228 hoc,
668 1152 751 1234 quod
777 1154 811 1216 in
837 1153 978 1216 Romano
1006 1153 1079 1217 orbe
1104 1172 1161 1235 per
1189 1153 1436 1235 quinquennium

257 1234 396 1312 fecimus,
418 1239 526 1319 paucis
546 1238 754 1321 perstringere
776 1257 932 1302 curamus.

342 1322 436 1401 Post,
451 1324 584 1406 primam
618 1324 796 1388 unctionem
825 1323 1014 1406 Aquisgraui
1042 1329 1074 1388 et
1103 1329 1260 1407 acceptam
1291 1342 1435 1388 coronam

256 1407 415 1472 Teutonici
430 1409 518 1491 regni
534 1412 710 1490 generalem
725 1409 845 1474 curiam
858 1410 1060 1474 Merseburch
1081 1408 1113 1473 in
1135 1413 1333 1493 pentecosten
1357 1410 1436 1473 cele-

257 1493 434 1567 bravimus;
464 1495 517 1558 ubi
545 1514 598 1560 rex
619 1496 780 1559 Danorum
802 1496 916 1559 Petrus
945 1496 984 1560 ad
1006 1495 1124 1560 curiam
1146 1498 1286 1560 nostram
1309 1498 1435 1559 vocatus

257 1579 349 1656 venit,
372 1582 405 1643 et
418 1581 554 1644 hominio
570 1600 606 1645 ac
627 1581 778 1645 fidelitate
800 1582 888 1646 nobis
911 1581 1000 1658 facta,
1022 1601 1167 1645 coronam
1182 1583 1269 1663 regni
1286 1581 1323 1644 de
1338 1600 1435 1645 manu

257 1666 364 1729 nostra
392 1668 538 1749 suscepit.
581 1667 701 1731 Deinde
730 1663 892 1732 Dicensem
920 1668 1097 1750 episcopum
1126 1667 1370 1732 Wichmannum
1397 1667 1436 1730 ad

258 1751 555 1835 archiepiscopatum
583 1753 885 1835 Magdeburgensem
913 1754 1150 1828 transtulimus;
1184 1756 1216 1816 et
1244 1771 1437 1834 quamquam

257 1837 376 1901 multae
405 1838 476 1902 lites
505 1842 537 1902 et
566 1841 793 1904 controversiae
820 1839 902 1903 inter
923 1859 980 1905 nos
1003 1840 1035 1902 et
1056 1839 1231 1903 Romanum
1254 1838 1436 1904 aecclesiam

256 1922 328 1986 inde
344 1922 486 2000 fuissent,
509 1925 547 1988 ad
562 1925 710 1988 ultimum
725 1929 831 1989 tamen
846 1924 930 2006 quod
946 1944 965 1989 a
986 1924 1074 1988 nobis
1097 1925 1295 1989 laudabiliter
1316 1924 1435 1988 factum

257 2006 329 2082 tuit,
356 2009 524 2074 auctoritas
554 2011 723 2094 apostolica
749 2011 950 2075 confirmavit.
1000 2010 1077 2075 Post
1102 2011 1180 2074 haec
1210 2009 1436 2094 expeditionem

258 2095 392 2158 Romam
420 2096 587 2172 movimus,
618 2100 649 2161 et
677 2097 710 2160 in
732 2096 834 2161 valida
855 2116 951 2161 manu
974 2095 1220 2178 Longobardiam
1242 2096 1436 2160 intravimus.

258 2179 344 2244 Haec
359 2181 573 2264 quiapropter
593 2183 719 2264 longam
741 2183 915 2246 absentiam
938 2183 1160 2264 imperatorum
1176 2182 1215 2245 ad
1238 2182 1436 2247 insolentiam

258 2265 466 2330 declinaverat
487 2270 519 2331 et
540 2268 605 2332 suis
626 2269 742 2333 confisa
755 2269 871 2332 viribus
894 2268 1091 2350 aliquantum
1112 2268 1261 2332 rebellare
1284 2273 1435 2349 coeperat,

257 2371 313 2415 nos
341 2353 445 2417 animo
472 2353 624 2436 indignati
653 2354 758 2418 omnia
785 2354 848 2418 iere
871 2354 999 2418 castella
1022 2372 1129 2418 eorum
1151 2353 1254 2418 furora
1277 2353 1380 2417 debito
1404 2355 1436 2417 et

257 2437 340 2501 iusto
361 2458 425 2502 non
446 2439 597 2517 militum,
625 2440 679 2504 scd
701 2440 904 2504 servientium
926 2439 1144 2504 destruximus.
1188 2439 1437 2503 Mediolanenses

258 2523 376 2586 versuti
404 2528 436 2588 et
463 2525 587 2608 superbi
616 2526 710 2590 verba
737 2526 803 2590 sine
831 2525 892 2589 fide
914 2525 1002 2589 nobis
1025 2525 1190 2602 dederunt,
1219 2529 1251 2588 et
1271 2527 1308 2588 ut
1329 2529 1437 2588 nostra

258 2609 453 2674 concessione
467 2631 561 2694 super
576 2611 693 2676 Cumas
716 2613 748 2675 et
761 2611 903 2675 Laudam
918 2611 1091 2675 dominium
1105 2612 1219 2675 habere
1235 2615 1436 2687 mererentur,

258 2697 392 2760 multam
406 2697 570 2780 pecuniam
584 2699 673 2763 nobis
687 2697 912 2780 promisertmt3
929 2697 984 2760 sed
999 2715 1071 2760 cum
1084 2715 1143 2760 nec
1156 2715 1245 2780 prece
1261 2715 1318 2760 nec
1332 2695 1434 2778 precio

259 2779 382 2845 flectere
396 2803 454 2847 nos
468 2788 602 2866 possent,
625 2787 657 2848 et
676 2784 803 2848 eumad
825 2786 943 2847 terram
965 2801 1073 2846 eorum
1086 2783 1288 2857 venissemus,
1311 2801 1330 2844 a
1352 2785 1436 2845 terra

258 2869 381 2950 copiosa
394 2887 452 2932 sua
466 2868 664 2947 declinantes,
685 2876 749 2934 tres
764 2869 829 2934 dies
850 2869 884 2933 in
907 2868 1073 2932 solitudine
1095 2887 1151 2932 nos
1174 2868 1337 2944 duxerunt,
1360 2886 1436 2948 quo·

258 2973 358 3034 usque
380 2954 507 3017 tandem
529 2957 637 3019 contra
658 2955 850 3019 voluntatem
872 2974 981 3019 eorum
1001 2973 1096 3038 prope
1119 2955 1204 3018 iuxta
1225 2953 1437 3017 Mediolanum

258 3039 298 3102 ad
312 3039 435 3102 miliare
449 3040 653 3104 Teutonicum
668 3046 771 3104 castra
792 3041 902 3105 metati
925 3059 1081 3115 essemus3
1104 3039 1208 3122 ibique
1231 3039 1307 3103 dum
1329 3039 1368 3102 ab
1390 3038 1435 3102 eis

257 3128 433 3188 mercatum
454 3144 663 3206 quereremus,
687 3126 799 3210 stipsi
821 3127 909 3190 nobis
932 3145 1005 3190 eum
1026 3127 1185 3208 negarent,
1207 3125 1436 3189 nobilissimum

257 3213 397 3274 castrum
419 3230 542 3286 eorum,
569 3213 724 3276 Rosatum
746 3212 904 3288 videlicet,
933 3212 1017 3293 quod
1039 3211 1225 3294 quingentos
1247 3209 1362 3274 milites
1385 3229 1434 3273 ar-

258 3298 361 3360 matos
374 3297 518 3374 habebat,
539 3299 606 3381 capi
622 3302 654 3362 et
667 3297 809 3362 incendio
824 3297 944 3361 destrui
964 3296 1109 3372 fecimus;
1134 3298 1175 3361 ibi
1197 3295 1313 3360 milites
1334 3295 1433 3360 nostri

258 3401 358 3464 usque
381 3383 419 3446 ad
434 3385 557 3466 portam
571 3383 851 3448 Mediolanousium
864 3382 988 3447 iverunt
1010 3385 1042 3446 st
1056 3384 1179 3468 multos
1194 3383 1436 3446 vulneraverunt

257 3471 290 3531 ct
310 3469 428 3533 multos
450 3472 607 3551 ceperunt
636 3469 718 3534 Hinc
739 3469 811 3534 inde
833 3469 909 3533 ortis
931 3467 1099 3533 inimicitiis
1122 3469 1203 3532 inter
1224 3487 1281 3532 nos
1304 3472 1336 3532 et
1356 3467 1436 3543 illos,

258 3553 390 3617 fluvium
404 3554 548 3618 Ticinum
568 3574 677 3620 versus
698 3555 867 3619 Novariam
888 3557 1096 3632 nauseuntes,
1117 3559 1227 3638 pontes
1250 3554 1335 3630 duos,
1359 3571 1437 3634 quos

258 3640 317 3722 ipsi
342 3643 538 3704 armaverant
559 3644 591 3705 et
611 3641 890 3717 incastellaverant,
913 3640 1063 3705 violenter
1084 3641 1310 3724 occupavimus.
1351 3636 1436 3717 Quos
1510 3647 1512 3652 “

258 3729 330 3808 post
350 3725 520 3789 transitum
534 3726 631 3791 totius
647 3727 798 3792 exercitus
812 3727 912 3791 nostri
927 3726 1147 3790 destruximus.
1166 3725 1244 3790 Inde
1259 3725 1320 3789 tria
1334 3728 1437 3789 castra

258 3829 366 3876 eorum
380 3810 556 3889 fortissima
576 3813 720 3877 Mumma
733 3812 883 3889 videlicet,
906 3811 997 3877 Galla
1018 3815 1050 3877 et
1070 3813 1160 3876 Trica
1167 3815 1196 3889 ⁸),
1218 3810 1437 3886 destruximus,

258 3899 291 3961 et
312 3897 411 3960 natali
424 3897 550 3961 Domini
564 3917 636 3962 cum
650 3899 788 3963 maxima
808 3896 998 3962 iocunditate
1019 3899 1181 3974 celebrato,
1203 3915 1258 3980 per
1279 3895 1436 3961 Vercellas

259 3985 291 4047 et
304 3982 476 4046 Taurinum
492 3988 610 4060 euntes,
631 3985 754 4048 Padum
776 3983 994 4058 manavimum
1017 3983 1089 4049 inde
1104 3983 1246 4059 (lberam,
1268 3981 1437 4045 maximam

258 4071 291 4133 et
312 4068 557 4133 munitissimam
578 4070 696 4147 villam,
726 4069 950 4146 destruximus,
981 4067 1139 4134 civitatem
1161 4070 1273 4132 Astam
1293 4065 1436 4130 incendio

258 4155 460 4219 vastavimus.
489 4155 610 4220 Deinde
624 4156 807 4232 Terdonam,
829 4155 988 4219 civitatem
1002 4154 1249 4218 munitissimam
1269 4157 1384 4216 natura
1405 4153 1437 4216 et

259 4245 334 4316 arte,
356 4239 548 4316 obsedimus3
571 4246 603 4306 et
617 4245 689 4325 post
702 4245 767 4306 tres
781 4241 847 4306 dies
861 4242 960 4323 burgo
975 4245 1074 4324 capto,
1095 4240 1197 4324 ipsam
1215 4257 1317 4302 arcem
1339 4236 1437 4320 cepis-

296 4503 313 4556 d
331 4430 449 4560 ligii.
461 4431 551 4485 bisber
566 4432 718 4500 genaunten
730 4429 836 4498 Burgcn
855 4429 929 4482 sind:
948 4427 1055 4496 Rosatc,
1073 4426 1153 4481 'lorro
1165 4426 1193 4481 di
1203 4425 1300 4494 Momo,
1320 4421 1437 4480 Galliate

259 4521 296 4557 uu
