3617 5284
1392 541 1433 603 37

258 713 397 772 mactum
419 709 506 792 regni
529 708 737 790 gubernacula
756 709 927 791 suscepisse
944 715 1062 781 tamem
1085 729 1153 773 sese
1174 714 1319 793 paratum
1340 711 1435 774 michi

258 795 401 858 omnibus
425 794 522 857 modis
544 794 693 860 oboedire.
750 796 790 858 Et
813 801 848 860 ut
875 795 934 858 hcc
955 796 1057 859 cericas
1079 795 1231 871 credatur,
1253 815 1375 879 semper
1397 817 1433 860 ex

258 899 292 944 eo
308 891 445 962 tempore
461 879 593 943 eundem
608 881 683 943 mihi
700 881 785 944 misit
801 900 982 956 sermonem,
1004 881 1139 944 adiciens
1160 881 1255 945 etiarn
1271 882 1333 946 filio
1349 889 1433 946 suo⁸l

257 965 361 1029 obside
384 971 415 1029 et
437 965 535 1030 tidelis
558 966 605 1028 sui
636 966 723 1030 ducis
745 965 883 1030 Bertaldi
913 967 984 1040 lilio,
1013 967 1095 1048 quod
1116 968 1354 1049 promittebam,
1382 969 1434 1031 fir·

257 1071 349 1115 mare.
404 1051 527 1114 Interea
547 1050 712 1116 Heinricus
734 1053 816 1134 cepit
837 1072 887 1116 me
909 1054 1035 1134 precari,
1068 1053 1215 1116 utillum
1237 1059 1344 1117 contra
1365 1074 1434 1136 pre-

257 1137 375 1200 dictum
397 1136 566 1202 Rodulfum
589 1136 774 1202 adiuvarem.
826 1138 883 1202 Cui
906 1138 1066 1221 respondi:
1099 1157 1149 1202 me
1172 1139 1304 1203 libenter
1324 1139 1433 1215 faeere,

257 1223 364 1287 audita
386 1223 548 1304 utriusque
580 1224 676 1305 partis
710 1223 838 1299 ratione,
875 1228 912 1286 ut
943 1225 1062 1300 scirem,
1099 1224 1148 1288 cui
1183 1225 1303 1288 iustitia
1333 1226 1433 1307 magis

256 1309 381 1374 faveret.
440 1309 497 1372 Ille
531 1327 601 1372 vero
633 1315 756 1390 putans,
794 1311 858 1373 suis
891 1309 1007 1372 viribus
1040 1329 1113 1373 eum
1145 1329 1235 1393 posse
1266 1310 1434 1386 devincere,

256 1413 358 1458 meam
380 1395 564 1477 contempsit
586 1396 824 1476 responsionem.
879 1394 1051 1476 Postquam
1079 1400 1185 1459 autem
1207 1398 1368 1478 persensit,
1398 1416 1432 1460 se

256 1500 317 1544 non
339 1499 429 1563 posse
452 1481 533 1544 sicut
554 1481 688 1563 speravit
709 1499 808 1561 agere,
837 1479 898 1544 duo
920 1481 1061 1564 episcopi,
1082 1481 1327 1564 Verdunensis*)
1349 1482 1435 1545 ride·

257 1568 328 1630 licet
340 1572 371 1630 et
382 1565 691 1648 Osenburgensis**),
713 1567 751 1631 de
770 1567 984 1630 consentaneis
1002 1567 1075 1643 suis,
1093 1567 1225 1630 Romam
1237 1573 1388 1632 uenemnt
1403 1572 1435 1632 et

257 1653 289 1716 in
313 1651 506 1734 synodo***)
521 1671 557 1716 ex
572 1657 660 1734 parte
675 1652 801 1716 Henrici
817 1671 876 1724 me,
899 1658 936 1715 ut
957 1653 985 1717 ei
1006 1652 1158 1716 iustitiam
1180 1653 1320 1728 facerem,
1343 1673 1435 1734 roga·

257 1743 375 1801 renunt.
434 1737 523 1815 Quod
557 1740 588 1801 et
620 1738 724 1802 nuncii
757 1738 882 1801 Rodulti
916 1739 981 1802 lieri
1014 1738 1228 1802 laudaverunt.
1286 1739 1434 1815 Tandem,

257 1825 411 1906 aspirante
434 1823 499 1887 Deo
523 1825 604 1887 sicut
625 1823 723 1899 credo,
756 1823 851 1887 statui
878 1823 912 1886 in
940 1824 1049 1888 eadem
1074 1825 1206 1906 synodo:
1240 1823 1434 1908 inpartibus

257 1910 495 1972 ultramontanis
517 1908 582 1972 lieri
605 1909 801 1991 colloquium,
835 1915 872 1972 ut
892 1909 957 1972 illic
982 1915 1037 1974 aut
1064 1929 1124 1992 pan
1152 1914 1343 1974 statueretur
1370 1915 1434 1986 ant,

256 1995 305 2059 ccci
328 1995 461 2078 amphos
483 1995 605 2059 iustitia
626 1995 751 2071 faceret,
773 2000 1017 2076 cognosceretur.
1072 1996 1137 2077 llgo
1160 1996 1251 2071 enim,
1278 1997 1360 2060 sicut
1381 2016 1434 2060 ros

257 2081 333 2145 mihi
357 2086 452 2144 testes
475 2081 550 2144 estis
572 2086 676 2163 patres
705 2086 736 2144 et
763 2081 886 2155 domini,
920 2100 1020 2162 usque
1047 2081 1139 2145 hodie
1167 2082 1287 2145 nullam
1313 2088 1435 2165 partem

257 2167 391 2248 disposui
426 2166 571 2230 adiuvare
593 2166 654 2230 nisi
677 2185 753 2242 eam,
776 2167 824 2230 cui
848 2167 919 2250 plus
940 2167 1061 2230 iustitia
1081 2167 1235 2231 cavernae
1290 2168 1332 2230 Et
1361 2169 1435 2249 quia

145 2253 147 2256 ’
257 2253 413 2334 putabam,
441 2252 522 2332 quod
545 2251 688 2316 iniustior
709 2271 780 2334 pers
802 2251 989 2333 colloquium
1011 2253 1108 2316 nollet
1129 2253 1204 2326 fieri,
1234 2253 1285 2316 ubi
1314 2254 1435 2318 institia

257 2357 348 2401 sunm
386 2338 487 2402 locum
524 2343 674 2414 seruaret,
719 2339 980 2402 excommunicavi
1016 2344 1048 2402 et
1080 2338 1277 2402 anathemate
1311 2339 1433 2421 alligavi

256 2442 363 2488 omncs
395 2443 541 2506 personas
564 2423 629 2487 sice
661 2425 743 2504 regis
766 2423 830 2487 sive
863 2423 950 2487 ducis
983 2429 1038 2487 aut
1061 2424 1193 2506 episcopi
1226 2443 1282 2488 seu
1305 2425 1434 2488 ahcuius

257 2510 398 2584 hominis,
433 2509 486 2590 qui
513 2509 699 2590 colloquium
723 2509 825 2590 aliquo
848 2509 972 2590 ingenio
994 2510 1165 2592 impediret,
1197 2514 1316 2574 utnon
1338 2511 1434 2573 fieret.

256 2595 416 2659 l'redictus
439 2599 544 2658 autem
566 2594 731 2658 Heinricus
753 2615 824 2658 cum
848 2596 913 2659 suis
935 2594 1116 2672 sanctoribus,
1139 2614 1200 2659 non
1222 2595 1336 2659 timens
1354 2597 1435 2678 peri·

256 2682 360 2745 culum
382 2681 625 2744 inoboedientiae
648 2681 730 2760 quod
764 2687 813 2744 est
840 2681 941 2744 scelus
966 2680 1135 2757 idolatriae,
1167 2681 1356 2762 colloquium
1376 2682 1434 2744 im·

256 2766 405 2849 pediendo
429 2767 777 2830 excommunicationem
803 2767 940 2842 incurrit,
972 2771 1003 2828 et
1032 2785 1065 2830 se
1094 2766 1198 2850 ipsum
1225 2767 1434 2831 anathematis

256 2853 375 2916 vinculo
398 2853 544 2933 alligauit,
577 2871 785 2934 magnamque
813 2852 1048 2915 multitudinem
1076 2853 1314 2916 christianornm
1341 2855 1432 2916 morti

256 2938 335 3002 tradi
369 2943 400 3002 et
428 2938 571 3002 ecclesias
604 2937 677 3002 fecit
705 2937 855 3021 dissipari,
889 2942 1044 3001 ettotam
1076 2957 1174 3019 paene
1195 2938 1433 3002 Teutonicomm
1501 2991 1504 3000 .

256 3043 387 3106 regnum
411 3023 591 3087 desolationi
614 3023 698 3086 dedit
756 3022 992 3106 erapropter,†)
1024 3023 1180 3088 confidens
1202 3023 1241 3086 de
1263 3023 1377 3088 iudicio
1402 3029 1434 3088 et

256 3109 465 3174 misericordia
486 3109 545 3172 Dei
567 3110 695 3190 eiusque
717 3109 854 3192 piissime
881 3108 990 3172 matris
1016 3129 1138 3192 semper
1159 3108 1286 3190 virginis
1308 3110 1433 3186 Mariae,

255 3195 353 3260 fultus
386 3201 490 3259 vestra
522 3197 719 3270 auctoritate,
757 3214 848 3278 saepe
880 3195 1076 3259 nominatum
1107 3194 1302 3270 Heinricnm,
1339 3214 1433 3276 quem

254 3301 359 3362 regem
382 3281 497 3356 dicunt,
530 3300 699 3362 omnesque
729 3281 865 3345 fautores
894 3281 960 3344 eius
988 3280 1295 3344 excommunicationi
1316 3281 1433 3346 subicio

256 3372 287 3431 et
309 3367 516 3431 anathematis
539 3366 668 3431 vinculis
691 3367 792 3448 alligo.
842 3367 883 3428 Et
904 3366 1018 3430 iberum
1040 3385 1172 3448 regnum
1194 3366 1433 3430 Teutonicorum

256 3459 287 3516 et
316 3453 425 3516 Italiae
451 3471 488 3515 ex
515 3457 603 3534 parte
636 3453 855 3536 omnipotentis
886 3452 945 3515 Dei
978 3458 1011 3514 et
1041 3457 1146 3516 restra
1177 3451 1363 3516 interdicens
1396 3453 1433 3530 ei,

255 3557 378 3603 omnem
401 3542 587 3620 potestatem
610 3542 641 3602 et
662 3537 844 3619 dignitatem
867 3537 911 3600 illi
934 3537 1051 3619 regiam
1072 3537 1163 3612 tollo;
1197 3541 1237 3613 et,
1269 3542 1306 3600 ut
1326 3538 1433 3602 nullus

255 3625 493 3688 christianorum
521 3625 549 3688 ei
577 3623 658 3688 sicut
679 3625 743 3705 regi
767 3623 916 3698 oboediat,
936 3623 1101 3696 interdico;
1128 3641 1305 3703 omnesque,
1328 3623 1381 3704 qui
1404 3625 1432 3687 ei

255 3711 435 3774 iuraverunt
457 3710 505 3772 vel
536 3710 683 3774 iurabant
715 3710 753 3773 de
774 3711 862 3791 regni
885 3709 1101 3784 dominatione,
1135 3729 1154 3772 a
1175 3708 1342 3772 iuramenti
1363 3728 1433 3790 pro-

255 3796 401 3861 missione
424 3796 583 3860 absolvolt
621 3795 692 3878 Ipse
715 3800 821 3860 autem
843 3794 1006 3858 Heinricus
1028 3814 1100 3858 cum
1121 3795 1187 3858 siris
1205 3794 1377 3859 fautoribus
1393 3795 1433 3858 'in

256 3882 338 3945 onrni
360 3881 574 3962 congressione
597 3880 668 3944 belli
689 3882 793 3944 nullas
812 3881 892 3945 uires
915 3881 1096 3961 nullamque
1118 3882 1151 3944 in
1173 3880 1238 3943 vita
1259 3899 1317 3944 sua
1338 3880 1433 3944 victo

255 3969 333 4030 riam
355 3967 501 4050 optineat.
555 3967 601 4031 Ut
623 3971 729 4030 autem
751 3966 904 4031 Rodulfns
931 3986 1063 4047 regnum
1084 3966 1323 4030 Teutoniccrum
1344 3972 1433 4046 reget

256 4059 287 4116 et
309 4053 462 4129 defendat,
485 4071 579 4134 quem
589 4052 749 4117 Teutonici
766 4053 928 4134 elegerunt
949 4052 1009 4115 sihi
1024 4052 1057 4114 in
1077 4071 1190 4132 regem,
1212 4050 1252 4115 ad
1270 4056 1432 4115 vestrano

343 4215 372 4266 al
392 4208 470 4276 Hngc
488 4209 542 4261 und
561 4207 612 4261 Ud.
632 4207 754 4262 schiehen
772 4208 834 4261 dato
853 4209 903 4260 eiu.
941 4208 968 4271 b)
981 4205 1060 4276 Hngo
1078 4206 1182 4260 echiebt
1199 4208 1363 4259 sacramento
1381 4207 1431 4261 ein.

256 4279 371 4360 calluc.
386 4320 409 4334 ..
429 4279 528 4332 faveret
550 4278 618 4332 lohlt
640 4279 682 4332 bei
701 4279 780 4347 Ilugo
805 4278 858 4331 und
876 4278 927 4333 Ud.
974 4278 1001 4347 d)
1021 4293 1212 4346 omnesque...
1236 4276 1342 4330 absolvo
1365 4277 1433 4330 fehlt

256 4351 297 4404 bel
315 4348 750 4484 Hltgoll'hgcldlgilc’hlloslllnliennc
774 4419 809 4472 ΙΙ.
847 4419 907 4487 ***)
924 4418 1120 4487 Fastenepnode
1147 4421 1222 4472 1078.
1259 4420 1285 4486 γ)
1303 4417 1359 4471 Das
1380 4418 1431 4487 eig.

256 4491 338 4546 blotiv
357 4491 432 4545 nicht
449 4489 575 4546 erwiihnt.
