3617 5284
1385 555 1427 623 33

252 723 421 808 [Condecet
444 727 549 790 autem
578 731 610 792 et
636 724 834 792 sanctitatem
856 729 960 805 tuam,
993 745 1030 792 ea
1063 745 1143 810 quae
1175 726 1213 793 de
1243 731 1275 794 te
1303 729 1432 812 vulgata

251 813 432 876 scandalum
448 814 594 878 eeclesiae
609 814 743 898 pariunt,
765 834 828 878 nou
843 814 1048 890 dissimulare,
1071 815 1125 878 sed
1141 819 1259 880 remoto
1275 835 1295 880 a
1308 816 1432 899 publica

252 899 442 962 conscientia
464 902 495 962 et
517 901 576 964 hoc
590 901 743 982 scrupulo,
765 900 972 964 universalem
987 904 1054 965 tam
1070 901 1215 965 ecclesiae
1235 921 1330 983 quam
1345 903 1432 984 regui

252 984 512 1065 tranquillitatem
534 1005 589 1068 per
611 989 700 1050 taam
723 985 909 1069 sapientiam
931 986 1113 1068 stabihri.]·l

683 1140 817 1196 Edictum
837 1140 990 1207 generale:

337 1228 376 1292 H.
387 1229 447 1292 Dei
457 1229 558 1311 gratia
569 1249 630 1306 reu,
650 1231 895 1314 archiepiscopis,
913 1229 1071 1313 episcopie,
1085 1231 1324 1308 marchionibus
1339 1231 1433 1296 comi-

251 1315 345 1390 tibus,
369 1318 401 1379 et
422 1316 636 1397 cuiuscunque
658 1317 819 1397 dignitatis
835 1315 944 1392 ordini,
966 1316 1063 1380 bonae
1086 1335 1161 1380 suae
1182 1317 1352 1381 voluntatis
1367 1319 1433 1396 glo-

252 1399 366 1464 riosam
396 1400 615 1482 dignationem.
660 1401 741 1480 Quia
768 1402 1002 1466 mansuetudini
1030 1405 1154 1466 nostrae
1187 1406 1295 1466 contra
1327 1403 1433 1466 sedem

254 1486 455 1568 apostolicam
486 1487 614 1569 eiusque
640 1488 852 1552 venerandum
874 1489 1049 1570 praesulem
1076 1488 1226 1552 domnum
1248 1487 1434 1570 Gregorium

252 1591 366 1654 papam
381 1573 419 1636 ab
434 1571 587 1654 aliquibus
604 1575 787 1657 subreptum
806 1592 873 1638 esse
888 1573 1027 1637 fidelium
1041 1576 1220 1638 nostrorum
1234 1573 1433 1656 suggestione

252 1658 501 1738 recognovimus
529 1659 645 1741 placuit
672 1659 761 1724 nobis
790 1659 926 1742 priorem
954 1659 1141 1724 sententiam
1169 1659 1286 1724 salubri
1307 1660 1433 1724 consilio

252 1746 384 1820 mutare,
408 1747 439 1807 et
460 1763 545 1808 more
569 1747 801 1810 antecessorum
824 1743 1118 1828 progenitorumque
1140 1748 1319 1809 nostrorum
1333 1746 1433 1810 eidem

253 1833 469 1894 sacrosanctae
491 1829 557 1894 sedi
579 1833 611 1894 et
633 1831 687 1911 qui
709 1830 737 1895 ei
762 1849 907 1914 praeesse
933 1830 1116 1907 dinoscitur,
1145 1831 1258 1895 domno
1286 1829 1434 1913 Gregorio

253 1933 360 1998 papae,
383 1935 438 1999 per
460 1915 565 1980 omnia
586 1916 723 1980 debitam
746 1935 868 1980 servare
884 1916 1099 1992 obedientiam,
1121 1919 1154 1979 at
1175 1916 1202 1980 si
1224 1916 1299 1999 quid
1312 1917 1346 1980 in
1361 1936 1434 1981 eum

254 2001 381 2082 gravius
395 2003 633 2085 praesumptum
649 2005 705 2078 est,
720 2003 896 2085 conpetenti
912 2001 1121 2066 satisfactione
1136 2021 1315 2085 conponere.
1340 2003 1436 2067 Volu-

256 2105 328 2150 mus
352 2091 466 2163 autem‚
489 2091 526 2151 ut
543 2091 575 2151 et
589 2107 643 2152 vos
659 2088 835 2152 serenitatis
849 2092 974 2152 nostrae
989 2088 1128 2171 exemplo
1144 2088 1313 2164 ammoniti,
1335 2089 1436 2153 solen-

257 2191 329 2236 nem
351 2173 442 2236 heato
464 2173 557 2237 Petro
581 2173 709 2254 eiusque
725 2174 837 2238 vicario
853 2173 1095 2237 satisfactionem
1110 2173 1252 2238 exhibere
1265 2193 1328 2238 non
1347 2174 1437 2238 dubi-

256 2258 345 2330 tetis,
374 2263 405 2322 et
428 2259 604 2340 quicunque
627 2260 693 2322 eius
716 2261 817 2324 banno
841 2277 873 2323 se
897 2259 1060 2323 adstrictos
1081 2259 1273 2341 intelligant,
1303 2261 1342 2324 ab
1368 2261 1435 2342 ipso

255 2343 399 2408 videlicet
420 2345 532 2409 domno
554 2363 636 2428 papa
659 2343 807 2427 Gregorio
830 2345 998 2409 solenniter
1020 2345 1137 2409 absolui
1159 2345 1325 2410 elaborent.

251 2615 325 2700 llll.
359 2619 494 2720 drogon
519 2615 578 2703 111.
609 2617 698 2703 brici
728 2642 769 2704 ao
802 2618 853 2703 dic
893 2616 1063 2703 lertscboo
1102 2615 1234 2702 limbo
1272 2618 1351 2703 'ibor
1384 2617 1435 2702 dio

378 2735 473 2820 1111
498 2734 661 2821 llciorlcbs
684 2733 731 2821 ll.
757 2759 796 2820 ar
822 2733 963 2821 1111111
987 2758 1014 2820 c
1040 2733 1092 2822 111
1116 2733 1189 2820 lar.
1216 2735 1302 2820 1111.

437 2877 528 2947 (Greg.
541 2879 601 2932 Vll.
619 2878 685 2948 Reg.
698 2878 745 2946 IV,
763 2878 811 2934 Nr.
832 2883 864 2933 12
883 2896 909 2933 1.
932 2882 1000 2943 1¹2a3
1018 2876 1087 2931 Jaaa
1104 2878 1140 2944 11,
1159 2878 1256 2945 asoa.)

339 3006 504 3088 Gregorius
528 3008 688 3091 episeopus
712 3027 819 3072 servus
842 3026 1002 3071 serrorum
1024 3005 1083 3070 Dei
1105 3005 1249 3069 omnibus
1272 3003 1439 3086 archiepis·

253 3093 335 3175 copis
369 3093 516 3177 episcopis
549 3094 678 3157 ducibus
705 3093 869 3158 comitibus
901 3092 1094 3172 caeterisque
1127 3091 1318 3174 principibus
1350 3090 1438 3171 regni

251 3179 491 3242 Teutonicorum
512 3179 715 3244 christianam
736 3179 830 3243 fidem
852 3179 1090 3243 defendentibus
1114 3178 1249 3240 salutem
1269 3179 1300 3240 et
1315 3179 1438 3258 aposto·

252 3263 343 3328 licam
366 3265 620 3330 benedictionem.

338 3349 491 3428 Quoniam
512 3370 567 3433 pro
590 3371 693 3415 amore
715 3351 852 3415 iustitiae
877 3367 1075 3415 communem
1097 3348 1259 3412 nobiscum
1280 3347 1313 3410 in
1335 3365 1433 3427 agona

252 3435 437 3499 christianae
459 3436 588 3502 nulitiae
610 3456 738 3501 oausam
761 3439 793 3501 et
806 3437 980 3521 periculum
995 3434 1194 3517 suscepistis;
1218 3433 1352 3515 qualiter
1374 3451 1435 3507 rex,

252 3521 435 3585 humihatus
458 3521 497 3586 ad
518 3523 749 3605 poenitentiam,
779 3521 982 3587 absolutionis
1004 3521 1128 3584 veniam
1150 3518 1371 3601 impetraverit,
1405 3521 1438 3580 et

254 3607 407 3688 quomodo
440 3609 507 3671 tota
535 3627 629 3673 censa
657 3611 727 3691 post
754 3609 917 3673 introitum
947 3606 1014 3670 eius
1040 3607 1074 3669 in
1095 3606 1221 3669 Italiam
1248 3605 1311 3668 huo
1336 3622 1438 3685 usque

254 3693 386 3757 deducta
407 3693 456 3770 sit,
479 3699 599 3758 vestrae
621 3694 776 3758 dilectioni
797 3695 920 3758 sincera
942 3692 1071 3756 caritate
1093 3691 1229 3755 indicare
1250 3690 1436 3757 curavimus.

340 3779 428 3842 Siout
449 3781 655 3845 constitutum
683 3779 743 3844 fuit
773 3800 844 3844 cum
867 3779 988 3860 legatia,
1023 3777 1077 3859 qui
1107 3777 1145 3840 ad
1173 3796 1230 3840 nos
1258 3776 1297 3839 de
1324 3776 1436 3838 vestris

254 3865 394 3947 partibus
417 3865 504 3929 missi
527 3870 609 3942 sunt,
631 3867 663 3928 in
678 3865 926 3948 Langobardiam
941 3863 1083 3927 venimus
1098 3863 1218 3926 circiter
1240 3861 1348 3943 viginti
1370 3860 1436 3924 dies

255 3953 326 4014 ante
347 3950 525 4028 terminum,
552 3953 585 4015 in
609 3971 669 4034 quo
693 3951 804 4034 aliquis
827 3952 943 4014 dacum
966 3949 1006 4012 ad
1028 3951 1130 4013 clusas
1159 3947 1248 4012 nobis
1278 3964 1436 4010 occurrere

255 4036 374 4110 debuit;
409 4041 604 4120 expectantes
635 4038 803 4102 adrentum
831 4037 968 4113 illorum,
1001 4038 1157 4116 quatenus
1179 4033 1219 4096 ad
1240 4035 1345 4115 partes
1366 4031 1435 4128 illas

254 4123 385 4186 transire
406 4141 577 4205 possemus.
622 4123 739 4188 Vemm
761 4142 840 4201 oum,
862 4123 926 4186 iam
948 4121 1077 4186 decurso
1099 4119 1240 4196 termino,
1268 4119 1327 4182 hoc
1347 4117 1435 4181 nobas

320 4313 321 4316 ¹
343 4299 369 4362 1)
387 4297 443 4349 Das
453 4294 692 4362 Eingelrlammertc
710 4292 747 4346 ist
765 4293 833 4347 nach
852 4291 1031 4356 Giosebrecht,
1050 4289 1198 4344 Kaiseraeit
1215 4286 1268 4369 III,
1284 4291 1336 4340 389
1354 4286 1433 4340 Anm.

257 4366 295 4419 als
313 4365 536 4434 untergeschoben
559 4382 590 4418 zu
608 4363 772 4428 betraohterr,
799 4362 925 4416 wahreod
943 4362 1011 4414 nach
1029 4361 1157 4424 blatteas,
1175 4358 1304 4412 Heinrich
1315 4357 1360 4411 lv,
1379 4357 1435 4410 und

257 4437 427 4505 (iregorVII.
446 4437 514 4490 uach
533 4436 579 4488 der
597 4435 772 4502 Schilderung
791 4453 813 4489 v.
832 4433 940 4486 Rankes
957 4430 1183 4499 Woltgeschiohte
1204 4429 1230 4482 S.
1249 4427 1310 4483 411.
1339 4426 1436 4494 genade

257 4508 327 4561 disse
345 4508 443 4562 Stellen
463 4507 559 4560 bereits
578 4507 636 4559 dem
654 4505 780 4559 Lambcrt
797 4505 837 4558 als
855 4503 987 4571 Vorlageu
1004 4501 1113 4569 gealient
1130 4500 1223 4554 haben.

312 4611 436 4662 Dbhsrl,
450 4611 548 4652 nouare.
564 4609 667 4650 German.
682 4609 768 4650 salum
783 4609 803 4650 3.
1225 4573 1244 4634 3
