3617 5284
375 537 416 601 10

373 708 493 792 populi,
517 728 579 774 non
601 711 773 792 spontanea
794 707 867 773 oleri
890 709 1051 784 electione,
1072 726 1131 772 neo
1151 707 1372 773 honoratorum
1394 725 1547 771 consensu

373 795 461 858 iuxta
475 794 639 877 synodales
655 794 778 876 regulas
794 797 826 857 et
848 797 994 878 antiquas
1016 797 1143 878 patrum
1164 797 1342 858 nostrorum
1365 791 1546 858 traditiones

373 879 412 943 ad
441 880 633 964 apostolatus
663 880 785 945 oubnen
814 883 1025 963 assumptum,
1054 879 1108 944 sed
1136 879 1166 942 vi
1195 882 1376 963 pareutum,
1408 877 1547 961 potentia

372 965 519 1042 fratrum,
547 965 682 1030 fustibus
712 969 743 1030 et
770 966 921 1048 sauguine
950 967 1100 1048 nobisque
1128 964 1306 1030 nolentibus
1336 966 1549 1046 subrogatum.

374 1051 435 1116 Sed
452 1051 568 1115 mirum
584 1051 673 1117 nobis
691 1071 754 1116 non
773 1055 828 1129 est,
852 1052 878 1115 si
893 1051 1071 1116 huiusmodi
1094 1050 1255 1115 mendacia
1277 1051 1317 1115 ad
1338 1055 1405 1116 tam
1427 1050 1548 1132 longiu-

273 1168 275 1170 ·
375 1156 454 1218 quas
473 1137 610 1218 dirigant
625 1139 767 1202 nationes
786 1140 818 1201 et
833 1157 951 1202 veneno
968 1157 1024 1202 suo
1047 1137 1109 1201 fere
1133 1139 1241 1218 gentes
1264 1156 1372 1202 omnes
1395 1135 1549 1200 inebrient
1569 1211 1573 1218 ,

374 1227 405 1286 et
435 1223 590 1306 simplices
612 1242 736 1306 quoque
759 1223 923 1300 deludant,
946 1242 1018 1288 cum
1039 1223 1071 1286 in
1092 1223 1251 1287 Romanae
1274 1223 1400 1288 ecclesie
1423 1221 1550 1304 gremiis

373 1307 591 1373 fraudulentiis
606 1309 671 1373 suis
686 1309 792 1374 sedem
807 1309 1016 1392 Apostolicam
1023 1308 1216 1458 lprostituere
1232 1308 1427 1373 contendant.
1449 1307 1552 1372 Reue-

374 1394 439 1457 lata
467 1397 587 1472 tecum,
615 1395 807 1459 nobilissime
836 1395 992 1479 princeps,
1036 1395 1100 1459 acie
1122 1394 1280 1476 loquimur
1303 1395 1463 1478 otperto
1485 1395 1550 1457 toto

374 1480 446 1544 orbe
468 1480 609 1545 Romano
638 1481 705 1544 fieri
732 1479 895 1544 notissima
916 1481 1005 1557 haec,
1034 1499 1114 1563 quae
1137 1479 1316 1556 scribimuS,
1343 1481 1551 1578 peroptamus.

374 1565 550 1629 Decedents
573 1566 610 1629 de
632 1566 692 1630 bac
713 1565 778 1629 vita
798 1565 886 1650 Papa
898 1567 1043 1644 Honorio,
1065 1585 1121 1630 nos
1144 1584 1251 1630 omnes
1274 1565 1443 1630 cardinales
1465 1583 1551 1647 pres-

374 1651 474 1734 byteri
491 1657 523 1714 et
536 1651 681 1716 diacones
696 1671 768 1715 cum
782 1651 1029 1724 subdiaconibus,
1050 1651 1223 1736 primicerio
1246 1670 1317 1716 cum
1340 1651 1423 1715 omni
1446 1651 1551 1714 schola

374 1736 482 1820 palatii
509 1736 542 1801 in
568 1738 696 1802 basilica
725 1737 806 1801 beati
828 1738 940 1814 Marci,
971 1739 1025 1821 qui
1053 1739 1138 1803 locus
1162 1737 1251 1820 quasi
1273 1737 1435 1802 umbilicus
1457 1735 1551 1800 Vrbis

376 1826 432 1898 cst,
455 1823 597 1888 concordi
619 1824 780 1889 voluntate
802 1825 1013 1888 oouueuimus.
1037 1824 1215 1888 Couuenere
1237 1824 1354 1888 nobiles
1378 1823 1480 1898 etiam,
1503 1821 1551 1885 in-

374 1927 505 1972 numera
531 1909 646 1973 ibidem
675 1909 843 1974 multitudo
872 1911 1032 1986 conuenit,
1062 1909 1270 1974 substituendi
1291 1909 1449 1974 Pontifiois
1472 1909 1551 1972 eleo-

375 1994 492 2058 tionem
514 1997 719 2078 expectantes.
753 1994 895 2078 Cumque
919 1995 1036 2060 diutius
1053 1995 1204 2059 internos
1220 1994 1257 2058 de
1273 1995 1370 2058 futuri
1392 1993 1550 2059 Pontifiois

377 2081 460 2144 esset
475 2079 623 2145 electione
637 2082 816 2157 tractatum,
839 2080 972 2146 domnus
984 2081 1078 2165 Papa,
1100 2085 1177 2144 tunc
1192 2080 1355 2145 cardinalis
1378 2080 1548 2164 presbyter,

373 2165 494 2249 primus
515 2165 611 2230 libere
632 2165 774 2250 prorupit
795 2167 957 2233 invocem
981 2170 1012 2231 et
1035 2166 1201 2250 quemdam
1225 2166 1262 2230 de
1284 2165 1431 2230 fratribus
1453 2185 1550 2230 manu

374 2253 407 2314 et
435 2269 509 2315 voce
535 2253 660 2336 propria
688 2252 870 2333 assignauit.
915 2251 981 2318 Oui.
1002 2253 1047 2317 rei
1081 2271 1113 2316 se
1142 2251 1344 2335 impotentem
1373 2251 1469 2316 frater
1497 2252 1550 2317 ille

375 2354 570 2418 cognosceus,
586 2337 744 2402 communi
755 2338 894 2401 omnium
912 2341 1053 2403 nostrum
1069 2337 1203 2415 consilio,
1219 2337 1375 2402 communi
1390 2357 1551 2411 consensu,

375 2424 537 2505 expetente
566 2425 695 2506 populo,
723 2425 986 2488 consentientibus
1015 2424 1188 2500 honoratis,
1217 2423 1361 2487 eumdem
1391 2424 1551 2488 dominnm

377 2507 496 2591 Papam
510 2508 672 2573 nobiscum
688 2511 894 2573 communiter
909 2509 1009 2592 elegit.
1044 2509 1156 2591 Sisque
1171 2510 1203 2572 iu
1226 2509 1352 2573 basilica
1365 2509 1448 2574 beati
1463 2509 1549 2573 Petri

376 2593 415 2658 ad
437 2613 548 2677 eorpus
571 2594 652 2669 eius,
679 2595 728 2659 vbi
751 2597 876 2659 tantum
897 2595 1030 2660 Romani
1053 2593 1218 2660 Pontifices
1242 2597 1473 2671 consecrantur,
1502 2597 1551 2659 est

374 2679 570 2744 celeberrime
599 2683 804 2745 consecratus.
848 2681 973 2745 Nullius
1002 2681 1138 2765 profecto
1167 2699 1223 2745 uos
1246 2679 1405 2756 violentia,
1433 2681 1549 2744 nullius

373 2785 430 2830 nos
460 2765 600 2848 potentia
622 2765 762 2849 impulit,
790 2765 872 2830 siout
893 2767 1020 2831 fanatici
1042 2767 1086 2831 illi
1109 2766 1174 2831 suis
1196 2765 1309 2831 litteris
1331 2767 1494 2850 grauiter*
1516 2765 1549 2830 iu

374 2852 553 2916 Romanum
583 2872 655 2916 eum
677 2852 860 2917 Pontificem
890 2856 1047 2918 annotare.
1091 2852 1152 2917 Sed
1175 2871 1246 2916 oum
1268 2851 1456 2936 proditiones
1479 2871 1552 2916 suas

373 2940 404 3001 et
426 2938 590 3023 opprobria
610 2940 714 3021 tegere
736 2941 908 3021 nequeant,
936 2939 1051 3023 proprii
1081 2939 1160 3004 oeuli
1190 2939 1358 3021 neglectae
1389 2937 1420 3000 iu
1450 2937 1548 3003 alieno

372 3023 460 3088 oculo
481 3023 635 3089 festucam
657 3031 819 3107 quaerunt.

458 3108 553 3175 Porro
575 3109 770 3176 Haimerious
801 3109 959 3193 quondam
981 3110 1197 3186 cancellarius,
1230 3109 1283 3192 qui
1304 3109 1479 3173 Romanam
1501 3129 1550 3173 eo-

373 3195 498 3260 elesiam
514 3196 603 3279 quasi
619 3197 678 3260 vile
694 3199 832 3261 scortum
853 3215 909 3280 pro
932 3195 1061 3260 luxuriis
1085 3199 1115 3260 et
1139 3195 1271 3263 auaritia
1293 3213 1351 3258 sua
1371 3195 1463 3277 longo
1485 3195 1549 3260 iem

373 3284 512 3365 temporo
534 3281 644 3346 babuit
665 3283 882 3366 prostitutam,
907 3282 960 3365 qui
983 3281 1135 3358 simoniis,
1158 3280 1239 3346 siout
1260 3299 1314 3345 vos
1336 3280 1396 3363 ipsi
1418 3281 1465 3363 (vt
1486 3299 1551 3346 cre·

374 3366 491 3449 dimus)
506 3366 671 3449 aliquando
695 3367 798 3432 fuistis
822 3369 948 3452 experti,
971 3368 1241 3449 exactionibusque
1263 3366 1357 3430 variis
1372 3367 1430 3430 Dei
1453 3366 1551 3432 eecle-

376 3453 455 3517 siam
483 3456 515 3518 et
536 3453 594 3517 Dei
624 3473 731 3518 seruos
753 3452 872 3519 diutius
893 3454 1077 3530 truoidauit,
1108 3452 1262 3517 arridente
1292 3453 1319 3516 ei
1343 3453 1464 3534 egregio
1486 3451 1551 3516 viro

374 3538 477 3602 Leone
498 3539 683 3624 Fraiapaue,
707 3540 761 3622 qui
783 3559 867 3604 nuno
888 3559 944 3624 par
966 3539 1024 3603 Dei
1047 3539 1181 3622 gratiam
1202 3538 1363 3603 nobiscum
1386 3541 1443 3615 est,
1465 3539 1552 3603 velut

374 3624 453 3688 alter
468 3623 677 3689 Sennacherib
698 3625 730 3688 iu
753 3625 910 3690 civitatem
933 3628 1074 3689 sanctam
1097 3628 1129 3690 et
1150 3625 1303 3707 templum
1326 3624 1456 3709 improbi
1479 3643 1551 3688 oon·

374 3709 435 3774 silii
449 3709 497 3773 sui
512 3729 641 3774 manum
663 3711 757 3794 impie
779 3711 989 3794 praesumpsit
1011 3711 1183 3787 extendere,
1207 3715 1238 3774 et
1260 3711 1383 3796 propria
1405 3709 1550 3794 superbia

375 3794 562 3877 quibusdam
590 3796 648 3861 sibi
678 3796 811 3872 allectis,
842 3797 895 3879 qui
925 3797 991 3861 eius
1014 3797 1134 3878 quadra
1155 3797 1318 3874 viuebant,
1346 3796 1420 3860 viris
1442 3797 1549 3878 vtique

373 3881 500 3946 nouitiis
523 3885 554 3946 et
575 3901 705 3947 numero
728 3883 866 3964 quinque
889 3884 987 3947 altare
1009 3882 1087 3947 illud
1109 3883 1140 3947 iu
1165 3884 1293 3948 ecelesia
1315 3883 1372 3946 Ilei
1396 3883 1480 3948 solus
1502 3883 1551 3946 est

374 3967 502 4031 molitus
513 3967 637 4051 erigere.
653 3969 772 4032 Verum
786 3971 981 4052 omnipotens
993 3969 1079 4033 Deus
1095 3970 1306 4034 subsannatae>
1323 3987 1374 4034 eos
1391 3971 1422 4032 et
1444 3987 1551 4032 eorum

378 4054 507 4118 consilia
535 4054 694 4119 infatuans
723 4057 755 4119 in
785 4055 911 4119 sibilum
941 4058 973 4118 et
1000 4055 1139 4118 fabulam
1170 4055 1310 4118 omnium
1331 4055 1410 4118 mira
1431 4055 1550 4118 ratione

465 4286 492 4354 a)
509 4283 658 4339 Watterieh
683 4287 813 4338 vormutet
836 4287 988 4351 gravantur.
1031 4283 1105 4337 Statt
1130 4283 1175 4337 dos
1197 4283 1338 4354 folgenden
1361 4285 1487 4336 annotare
1514 4282 1552 4338 ist

374 4360 534 4411 annotarunt
558 4373 589 4410 zu
607 4355 693 4419 lessn;
721 4355 792 4408 daun
816 4354 911 4408 bedarf
932 4371 960 4407 es
983 4355 1073 4408 keinar
1096 4354 1217 4409 welteren
1245 4354 1396 4423 Auderung.
1433 4354 1461 4420 b]
1486 4351 1552 4408 Hier

374 4428 478 4482 acbeint
494 4428 569 4481 trabe
587 4425 749 4494 ausgefallen
766 4442 797 4478 zu
816 4424 880 4478 sein.
898 4424 996 4479 Matth.
1010 4425 1071 4491 VII,
1090 4429 1115 4481 3.
1146 4433 1173 4486 ot
1192 4425 1233 4480 W.
1254 4427 1383 4480 vermutet
1399 4423 1451 4478 mit
1467 4424 1553 4478 Reobt

373 4498 546 4553 subsannavit
563 4495 589 4566 (ὁ
608 4495 710 4548 octavae
728 4515 762 4544 =
780 4497 879 4562 fatuus,
897 4495 1015 4562 stultus).
