3617 5284
1392 469 1436 534 29

257 638 583 702 excommunicandum
611 638 701 701 illum
736 638 859 703 adducti
888 638 994 711 simus,
1031 640 1123 720 prout
1150 639 1252 702 verius
1278 640 1437 721 potuimus

257 727 336 788 teste
359 724 544 788 conscientia
567 728 681 799 nostra,
703 725 799 788 oculis
822 729 853 788 et
873 724 1081 788 intellectibus
1104 725 1244 788 omnium
1266 725 1438 806 patefacere

256 809 446 883 curavimrrs;
469 830 531 873 non
555 813 619 873 tam
642 812 678 872 ut
699 811 837 891 singulas
860 828 978 885 causas,
1005 829 1084 890 quae
1108 811 1169 874 beu
1191 810 1322 874 nimium
1345 814 1436 874 uotae

257 898 338 972 suut
375 897 464 976 quasi
490 899 622 960 nostroe
652 896 784 960 clamore
806 896 993 978 proiciamus
1014 897 1046 958 in
1068 895 1235 978 publicum,
1273 915 1368 977 quam
1402 899 1437 960 ut

256 1000 363 1044 soriam
385 981 578 1064 opinionibus
602 981 835 1056 satisfaciamus
855 981 923 1062 .qui
945 984 1066 1064 putant
1094 1001 1151 1045 nos
1180 981 1349 1064 spiritalem
1372 985 1437 1063 gla-

256 1066 341 1129 dium
365 1071 481 1131 temere
503 1071 535 1130 et
556 1068 655 1147 magis
678 1071 764 1130 motu
794 1068 889 1130 animi
918 1068 1014 1130 nostri
1044 1087 1139 1148 quam
1168 1067 1270 1131 divino
1295 1071 1382 1131 metu
1406 1074 1437 1141 et

254 1152 391 1216 iustitiae
414 1153 477 1216 zelo
501 1153 674 1234 arripuisse.
1140 1223 1142 1228 ι

341 1239 420 1302 Cum
443 1238 544 1302 adhuc
569 1238 600 1301 in
629 1238 807 1302 diaconatus
840 1237 939 1301 officio
960 1238 1051 1319 positi
1074 1257 1222 1312 essemus,
1255 1239 1374 1321 perlata
1395 1241 1434 1303 ad

255 1343 310 1387 nos
333 1324 371 1386 de
393 1327 475 1405 regis
491 1323 660 1387 actionibus
676 1323 801 1387 sinistra
823 1326 854 1386 et
868 1325 1004 1386 multum
1019 1324 1181 1388 inhonesta
1196 1324 1287 1400 fama
1309 1329 1436 1408 propter

255 1410 446 1492 imperialem
467 1409 650 1491 dignitatem
678 1412 710 1473 et
731 1409 934 1472 reverentiam
957 1410 1052 1491 patris
1075 1429 1111 1473 ac
1141 1411 1251 1473 matris
1281 1411 1346 1474 eius
1377 1431 1435 1474 nec

255 1514 315 1558 non
338 1499 462 1577 propter
484 1513 571 1578 spem
593 1514 629 1558 ae
651 1494 837 1558 desiderium
860 1495 1054 1558 correctionis
1073 1514 1148 1558 suae
1171 1515 1262 1577 saepe
1284 1515 1357 1560 eum
1379 1516 1436 1580 per

254 1580 372 1644 litteras
395 1583 426 1645 et
447 1581 576 1646 nuncios
599 1580 831 1644 admonuimus:
863 1585 899 1644 ut
921 1600 939 1644 a
961 1581 1110 1663 pravitate
1133 1601 1191 1644 sua
1212 1581 1375 1646 desisteret
1396 1588 1434 1655 et,

254 1685 373 1730 memor
394 1667 555 1730 clarissimi
577 1667 697 1744 generis
720 1686 756 1729 ac
770 1665 930 1747 dignitatis
952 1685 1035 1743 suae,
1058 1667 1153 1730 vitam
1176 1686 1265 1730 suam
1288 1669 1434 1743 moribus,

255 1752 367 1832 quibus
389 1771 495 1833 regem
517 1756 548 1816 et
570 1752 711 1816 futurum
735 1753 800 1816 Deo
829 1752 962 1816 donante
991 1752 1114 1816 deceret
1135 1753 1360 1835 imperatorem,
1388 1755 1435 1817 in-

255 1838 406 1902 st'tueret.

340 1939 510 2023 Postquam
559 1944 663 2005 autem
712 1940 751 2004 ad
799 1939 996 2022 pontificatus
1040 1941 1158 2023 apicem
1203 1941 1274 2004 lieet
1316 1942 1433 2024 indigni

254 2027 403 2102 uenimus,
426 2046 497 2090 cum
519 2027 602 2090 illius
625 2029 709 2091 aetas
732 2027 846 2108 pariter
868 2029 1019 2089 cresceret
1041 2029 1073 2090 et
1093 2027 1241 2107 iniquitas
1263 2065 1304 2070 —
1322 2028 1435 2091 intelli·

254 2115 370 2192 gentes,
409 2113 510 2176 Deum
532 2113 783 2194 ‘omnipotentem
817 2115 904 2175 tanto
927 2111 1095 2175 districtius
1128 2113 1166 2175 de
1200 2131 1295 2176 manu
1328 2117 1435 2177 nostra

254 2197 389 2260 animam
412 2198 495 2262 illius
516 2199 748 2279 requisiturum,
783 2200 899 2279 quanto
922 2197 1010 2261 nobis
1041 2197 1079 2260 ad
1101 2198 1322 2280 increpandum
1344 2199 1433 2262 illum

253 2283 467 2364 praecunctis
500 2285 625 2348 libertas
659 2285 732 2347 data
764 2283 875 2348 fuisset
908 2286 939 2345 et
968 2284 1133 2346 aucteritas
1156 2322 1196 2328 -
1219 2284 1318 2347 multi
1352 2285 1434 2347 solli-

253 2369 343 2431 citius
377 2389 449 2432 eum
481 2369 580 2434 modis
603 2370 746 2433 omnibus
779 2369 936 2448 arguendo
958 2368 1144 2432 obsecrando
1177 2369 1361 2450 increpando
1395 2371 1432 2432 ad

254 2455 499 2518 emendationem
522 2455 602 2518 uitae
625 2474 699 2518 suae
721 2455 835 2518 hortati
859 2474 977 2517 sumus.
1032 2454 1186 2532 Quicum
1220 2473 1312 2537 saepe
1346 2456 1433 2518 nobis

253 2541 378 2604 devotas
401 2541 602 2605 salutationes
625 2545 656 2604 et
681 2541 834 2617 litteras*)
858 2540 996 2604 mitteret
1018 2578 1059 2584 —
1075 2559 1225 2604 excusans
1247 2560 1280 2603 sc
1302 2560 1374 2604 cum
1396 2561 1432 2604 er

253 2629 362 2701 aetate,
385 2627 466 2707 quod
489 2627 571 2690 fluxa
594 2630 676 2690 esset
699 2629 730 2690 et
750 2626 876 2706 fragilis,
898 2629 967 2688 tum
990 2627 1071 2706 quod
1096 2628 1134 2689 ab
1157 2628 1212 2704 bis,
1245 2626 1277 2688 iu
1301 2645 1433 2707 quorum

251 2712 395 2776 manibus
418 2715 504 2776 curia
525 2715 599 2788 erat,
625 2713 783 2776 multoties
806 2712 886 2774 male
910 2712 967 2775 sibi
989 2730 1119 2774 suasum
1141 2716 1241 2794 atque
1256 2713 1433 2776 consultum

254 2798 294 2860 sit
316 2835 356 2841 -—-
378 2798 497 2862 monita
518 2802 624 2862 nostra
638 2798 675 2860 de
699 2799 747 2862 die
769 2799 800 2860 111
816 2797 898 2860 diem
915 2816 947 2860 se
963 2799 1191 2880 promptissime
1207 2801 1432 2880 suscepturum,

254 2883 352 2946 verbis
376 2884 501 2965 quidem
524 2884 673 2966 promisit,
706 2887 861 2947 caeterum
891 2902 924 2946 re
953 2887 985 2946 et
1013 2885 1249 2965 exaggeratione
1271 2884 1432 2965 culparum

253 2969 375 3050 penitus
398 2970 594 3034 conculcavit.
620 3043 624 3052 ¹

337 3071 423 3136 Inter'
437 3073 514 3136 barro
529 3073 679 3154 quosdam
694 3072 860 3136 familiares
876 3091 957 3148 suco,
973 3091 1105 3152 quorum
1122 3072 1255 3135 ronnliis
1271 3075 1302 3134 et
1316 3073 1432 3135 machi-

254 3158 428 3221 nationibus
452 3159 644 3241 episcopatus
674 3162 705 3222 et
726 3158 826 3222 multa
847 3158 1042 3222 monasteria
1065 3157 1199 3220 induetis
1221 3177 1276 3239 per
1297 3158 1432 3240 pretium

251 3243 333 3325 lupis
353 3263 409 3327 pro
432 3246 614 3326 pastoribus,
637 3244 803 3308 simoniaca
818 3244 938 3307 haeresi
953 3243 1134 3313 foedaverat
1157 3243 1196 3306 ad
1210 3244 1431 3325 poenitentiam

143 3403 146 3410 Ι
252 3329 442 3393 vocavimus:
477 3333 630 3411 quatenus
660 3335 691 3394 et
712 3331 792 3395 bona
814 3329 1021 3405 eeclesiarum,
1045 3347 1123 3409 quae
1146 3348 1201 3410 per
1221 3329 1431 3392 interventum

253 3418 317 3478 tam
340 3416 478 3479 scelerati
501 3415 674 3480 commercii
691 3415 839 3496 sacrilega
862 3434 957 3478 manu
977 3418 1185 3496 susceperant,
1206 3415 1431 3478 uenerabilibus

253 3501 334 3576 lucia,
370 3500 408 3564 ad
432 3520 511 3582 quae
534 3504 736 3584 pertinerent,
773 3501 848 3564 dum
877 3501 979 3564 adhuc
1003 3501 1090 3564 locus
1124 3503 1205 3563 esset
1238 3500 1430 3573 emendandi,

252 3587 427 3662 redderent,
461 3590 492 3649 et
518 3588 576 3670 ipsi
611 3588 647 3651 de
676 3590 853 3670 perpetrata
884 3587 1048 3668 iniquitate
1081 3606 1137 3667 per
1157 3586 1295 3648 lamenta
1326 3587 1430 3668 poeni-

252 3672 368 3734 tudinis
391 3673 456 3735 Deo
481 3673 701 3737 satisfacerent.
756 3671 841 3750 Quos
864 3672 940 3736 dum
968 3673 1005 3735 ad
1036 3673 1112 3734 haec
1140 3672 1319 3752 exequenda
1341 3672 1429 3734 datas

252 3757 393 3822 inducias
416 3777 558 3839 spernere
589 3763 620 3821 et
649 3759 678 3820 in
708 3761 856 3821 consueta
876 3757 1017 3839 nequitia
1037 3756 1234 3839 pertinaciter
1255 3761 1337 3819 stare
1360 3777 1431 3838 cog·

252 3844 401 3919 norimus,
435 3843 514 3908 sicut
543 3845 672 3924 dignum
702 3846 775 3918 erat,
808 3845 973 3925 sacrilegos
996 3846 1028 3906 et
1053 3843 1211 3906 ministros
1234 3861 1269 3906 ac
1290 3843 1431 3906 membra

341 4069 365 4124 a)
384 4061 450 4115 Paul
471 4081 492 4116 v.
511 4061 647 4122 Bamried,
666 4077 739 4114 11111.

340 4135 364 4198 *l
375 4135 430 4186 Das
446 4133 586 4185 Sclrreiben
601 4133 638 4186 ist
651 4131 770 4184 erbalten
787 4129 865 4198 Greg.
878 4131 936 4183 Vll.
952 4131 1018 4197 Reg.
1031 4131 1052 4196 l,
1070 4129 1188 4182 111291
1206 4128 1329 4194 (Jaffeill,
1348 4131 1428 4194 rol).

251 4205 379 4257 Dasselbe
399 4203 486 4256 uurde
505 4201 719 4256 wulrrscheiuliob
743 4207 781 4255 la.
802 4201 864 4253 oder
895 4202 1022 4267 1111111.
1044 4205 1111 4254 1073
1137 4200 1286 4268 abgesandt
1308 4200 1361 4252 und
1386 4217 1429 4266 ge·

252 4275 341 4342 langtc
360 4292 404 4327 aw.
424 4277 465 4327 24.
485 4272 682 4342 1111218111
704 4275 770 4326 1073
790 4288 823 4324 aa
843 4270 944 4339 Gregor
962 4272 1029 4324 nach
1041 4270 1143 4339 Kapria.
1173 4269 1242 4322 Jaffe
1261 4270 1429 4322 identifiziert

250 4361 278 4398 es
288 4343 434 4398 irrtlimlidr
446 4343 496 4396 urit
507 4344 565 4396 dour
576 4343 692 4408 aweitan,
711 4343 800 4395 waiter
819 4345 900 4394 urrten
912 4339 1428 4406 11111111118111111111Ηοί1111111111.,

251 4415 299 4468 dae
317 4415 392 4468 uiclrt
409 4414 527 4466 erbalteu
547 4414 590 4468 iet.
808 4427 810 4430 ·
