3617 5284
360 575 422 638 142

358 748 484 812 ecclesie
520 749 610 812 tanta
645 747 772 812 vesania
793 767 944 831 umquam
967 746 1062 814 luerit
1084 747 1264 832 aquolibet
1285 748 1459 816 scismatico
1488 749 1536 816 vel

357 833 492 898 herebac
516 835 711 917 attemptata

441 921 567 984 Fratres
599 938 671 985 vero
692 919 813 985 facinus
834 923 901 985 tam
927 922 1106 987 inmensum
1128 926 1160 987 et
1183 940 1201 986 a
1223 922 1336 987 seculis
1359 921 1536 987 inauditum

357 1024 394 1069 ex
421 1006 578 1090 insperato
599 1006 740 1071 videntes
768 1009 801 1071 et
827 1006 1039 1085 formidantes,
1062 1027 1101 1072 ne
1124 1027 1143 1073 a
1164 1009 1363 1072 conductitiis
1385 1008 1537 1073 militibus

357 1095 589 1168 truncarentur,
618 1111 686 1158 sese
715 1093 748 1156 in
776 1093 986 1159 municionem
1008 1094 1136 1160 ecclesie
1159 1095 1322 1159 nobiscum
1348 1095 1465 1178 pariter
1486 1113 1535 1158 reÎ‡

357 1181 513 1261 ceperunt,
536 1179 641 1260 ibique
662 1197 774 1243 novem
795 1179 904 1244 diebus
933 1180 1097 1257 continuis,
1118 1199 1159 1245 ne
1182 1179 1254 1245 inde
1278 1181 1440 1257 exiremus,
1462 1178 1536 1244 fecit

355 1283 412 1328 nos
427 1264 624 1347 quorundam
635 1267 814 1329 senatorum
826 1285 965 1342 assensu,
991 1286 1069 1349 quos
1084 1266 1216 1350 pecunia
1230 1267 1335 1332 oblata
1349 1269 1537 1349 corruperat,

357 1350 407 1415 die
427 1355 585 1433 noctuque
608 1356 729 1414 armata
749 1370 847 1416 manu
869 1353 1047 1416 cumomni
1070 1353 1233 1434 diligentia
1255 1353 1411 1417 custodiri.
1453 1352 1535 1416 Sane

356 1437 470 1520 populo
493 1437 684 1500 incessanter
705 1439 738 1500 et
757 1436 872 1518 iugiter
893 1439 1084 1503 acclamante
1108 1441 1140 1502 et
1156 1439 1188 1501 in
1205 1440 1363 1503 senatores
1377 1437 1432 1522 p'ro
1449 1439 1538 1502 tanta

357 1521 517 1605 impietate
544 1522 647 1585 multa
674 1523 869 1586 immanitate
885 1523 1057 1601 tremente,
1088 1524 1126 1589 de
1150 1523 1292 1588 custodia
1313 1523 1430 1588 fuimus
1452 1523 1536 1586 illius

356 1607 539 1672 munitionis
566 1608 673 1690 erepti,
708 1608 762 1672 sed
790 1608 824 1671 in
853 1609 976 1674 arctiori
1004 1617 1036 1674 ct
1057 1611 1169 1676 tuciori
1191 1609 1256 1674 loco
1290 1612 1377 1674 trans
1399 1609 1537 1674 Tiberim

356 1713 412 1758 nos
434 1693 517 1757 idem
539 1697 712 1769 senatores,
744 1696 869 1777 recepta
901 1695 973 1759 inde
995 1695 1135 1779 pecnnia,
1169 1698 1349 1779 posuerunt.
1395 1694 1537 1777 Cumque

356 1798 476 1844 moram
497 1778 657 1850 ibiferme
678 1797 734 1861 per
754 1779 896 1844 triduum
907 1780 1095 1858 fecissemus,
1118 1781 1263 1846 universo
1285 1781 1399 1865 populo
1414 1783 1537 1845 tantam

356 1865 565 1949 proditionem
605 1867 699 1946 atque
738 1865 895 1931 maliciam
934 1867 972 1932 de
1005 1871 1106 1934 cetero
1139 1867 1320 1932 nullatenus
1353 1868 1537 1944 sustinente,

357 1953 515 2015 senatores
537 1969 610 2015 cum
631 1950 785 2015 nobilibus
807 1955 839 2015 et
853 1953 968 2036 populo
987 1954 1155 2031 venientes,
1170 1972 1227 2019 nos
1243 1956 1274 2018 ct
1288 1953 1400 2018 fratres
1415 1955 1537 2018 nostros

357 2056 412 2120 per
445 2037 563 2102 Urbem
596 2036 758 2118 magnifice
792 2039 824 2102 et
856 2039 1021 2103 honorilice
1055 2059 1127 2105 cum
1158 2039 1309 2104 inmensis
1337 2039 1482 2103 laudibus
1504 2041 1536 2102 et

356 2122 517 2206 preconiis,
549 2122 708 2205 campanis
731 2122 824 2187 etiam
846 2124 879 2186 in
901 2125 1036 2189 transitu
1057 2128 1163 2190 nostro
1186 2125 1302 2206 ubique
1330 2125 1536 2208 pulsantibus,

356 2209 579 2273 conduxerunt
623 2209 665 2271 nt
694 2207 739 2272 sic
771 2209 899 2273 tandem
922 2229 940 2274 a
962 2211 1107 2276 violentia
1130 2212 1343 2294 persequentis
1377 2212 1473 2294 erepti
1505 2212 1536 2274 et

359 2297 463 2359 nostre
496 2293 608 2358 redditi
630 2293 775 2370 libertati,
809 2298 952 2377 sequenti
975 2296 1025 2361 die
1048 2297 1200 2361 dominico
1229 2296 1457 2361 venerabilibus
1476 2295 1538 2360 ira-

357 2381 457 2445 tribus
479 2380 594 2444 nostris
610 2379 784 2463 G(regorio)
801 2379 973 2459 Sabinensi,
994 2383 1139 2448 Hnbaldo
1155 2383 1324 2452 Hostiensi,
1345 2381 1534 2463 B(cmardo)

357 2466 531 2542 Portuensi,
559 2465 698 2531 Waltero
731 2467 908 2543 Albanensi,
942 2468 1106 2551 I(ohanne)
1142 2468 1270 2551 Signino
1293 2470 1325 2532 et
1349 2467 1536 2552 B(emardo)

358 2552 572 2616 Terracinensi
593 2551 751 2635 episcopis,
773 2553 982 2617 cardinalibus
998 2573 1120 2637 quoque
1137 2559 1169 2619 et
1180 2554 1352 2632 abbatibus,
1374 2553 1538 2637 prioribus,

357 2638 521 2715 iudicibus,
555 2637 720 2715 advocatis,
753 2637 931 2716 scriniariis,
967 2639 1140 2722 primicerio
1171 2643 1203 2704 ct
1232 2640 1338 2705 schola
1366 2641 1537 2716 cantorum,

358 2723 515 2789 nobilibus
537 2723 632 2788 etiarn
654 2729 685 2787 et
708 2724 844 2805 quadam
858 2727 947 2808 parte
963 2725 1001 2789 dc
1015 2726 1128 2808 populo
1144 2725 1238 2791 Urbis
1255 2725 1338 2809 apud
1357 2725 1536 2808 Nimpham,

360 2829 423 2875 non
451 2811 542 2892 longe
571 2810 610 2874 ab
631 2809 733 2884 Urbe,
761 2809 889 2874 insimul
919 2811 1124 2892 congregatis,
1152 2831 1268 2876 munus
1297 2811 1537 2875 consecrationis

359 2896 535 2980 accepimus
557 2901 596 2972 et,
619 2895 701 2959 sicut
720 2896 754 2958 in
776 2896 919 2961 Romana
940 2897 1069 2962 ecclesia
1091 2897 1322 2962 consuetudinis
1344 2898 1400 2973 est,
1422 2896 1537 2961 ibidem

357 2981 528 3066 pontificali
548 2999 644 3064 regno
665 2981 828 3063 magnifice
849 2982 968 3046 fuimus
990 3002 1026 3047 ac
1048 2983 1258 3065 sollempniter
1280 2982 1417 3047 coronati
1426 2981 1466 3065 *).

445 3066 592 3133 Ceterum
634 3067 792 3150 predictus
836 3066 1044 3145 Octavianus,
1091 3087 1163 3134 cum
1194 3088 1250 3153 pro
1299 3069 1537 3145 consecratione,

359 3155 456 3219 immo
472 3153 662 3218 execratione
685 3172 750 3229 sua
773 3153 849 3217 dnm
865 3156 896 3218 et
917 3153 950 3217 in
965 3154 1049 3219 Urbe
1062 3157 1145 3220 esset
1167 3158 1200 3219 et
1220 3156 1388 3238 postquam
1403 3154 1538 3218 latenter

360 3241 454 3305 exivit
474 3239 601 3315 Urbem,
623 3239 740 3303 multos
756 3239 915 3323 episcopos
930 3243 1136 3317 convocasset,
1159 3241 1282 3304 nullum
1303 3244 1407 3323 preter
1429 3259 1537 3316 unum,

358 3325 611 3392 Ferentinantem
629 3324 778 3402 videlicet,
793 3325 908 3390 habere
919 3327 1022 3410 potuit
1039 3344 1094 3409 pro
1109 3345 1167 3391 sua
1178 3326 1354 3390 temeritate
1366 3328 1397 3390 et
1411 3325 1538 3390 vesania

359 3410 576 3478 confirmanda
620 3409 782 3489 Quosdam
802 3413 909 3475 tamen
925 3413 1082 3496 episcopos
1093 3411 1304 3495 imperialibus
1319 3413 1421 3488 minis,
1444 3431 1537 3493 quos-

359 3499 431 3563 dam
453 3496 601 3562 violentia
621 3496 733 3574 laicali,
756 3497 909 3578 quosdam
932 3517 1002 3562 vero
1020 3497 1175 3581 pecouniis
1191 3501 1223 3562 ct
1238 3497 1399 3563 blandiciis
1415 3497 1536 3562 allicere

359 3584 465 3660 voluit,
490 3582 546 3647 scd
556 3582 659 3658 nichil,
686 3582 821 3647 Domino
842 3583 1039 3667 impediente,
1061 3583 1197 3668 profecit.
1241 3583 1333 3649 Unde
1354 3602 1413 3648 nac
1435 3583 1538 3647 adhuc

358 3670 495 3736 invenire
517 3669 628 3752 potest,
650 3667 724 3732 licet
743 3668 844 3734 modis
867 3669 1011 3734 omnibus
1035 3670 1179 3746 enitatur,
1210 3668 1264 3751 qui
1294 3671 1322 3733 ei
1348 3688 1461 3734 manus
1485 3687 1536 3733 er-

359 3755 522 3821 ecrationis
542 3754 683 3838 imponat
716 3758 748 3818 et
769 3774 803 3819 se
825 3758 912 3820 tante
945 3755 1038 3820 iaciat
1059 3756 1301 3840 presumptionis
1324 3757 1356 3819 ct
1379 3757 1537 3820 auctorem

358 3839 592 3926 impietatis.**)
614 3839 733 3904 Verum
743 3841 909 3905 memorati
923 3841 1103 3925 I(ohaunes)
1120 3847 1151 3905 et
1167 3841 1295 3925 G(uido)
1305 3841 1443 3906 cecitatis
1452 3847 1539 3906 tene-

360 3929 423 3993 bris
452 3926 596 4003 obvoluti,
631 3926 780 4008 quoniam
806 3927 958 4010 scriptum
987 3932 1051 3992 cst:
1082 3927 1238 4006 ,Peccator
1261 3946 1333 3992 cum
1359 3927 1479 3992 venerit
1500 3927 1534 3990 in

358 4013 547 4099 profundum
561 4012 718 4090 viciorum,
730 4015 945 4097 contempnet,
960 4031 1017 4078 nec
1029 4013 1073 4078 sic
1085 4033 1103 4077 a
1114 4031 1172 4077 sua
1179 4013 1411 4097 presumptione
1429 4013 1538 4096 damp-

360 4100 456 4165 nabili
476 4099 670 4183 resipiscunt,
693 4099 748 4163 scd
763 4099 897 4163 eundem
910 4097 1124 4177 Octavianum,
1148 4117 1242 4182 quem
1263 4099 1321 4164 sibi
1344 4100 1376 4163 in
1399 4101 1538 4162 statuam

448 4257 475 4320 â¸)
493 4255 544 4308 Die
561 4253 754 4308 Kouaelrration
771 4253 882 4324 orfolgtc
900 4271 942 4307 am
961 4258 1003 4310 20.
1022 4254 1186 4326 September3
1206 4253 1268 4308 auci
1285 4252 1357 4322 Tage
1374 4252 1475 4320 verber,
1496 4269 1539 4307 am

365 4331 405 4381 18.
424 4325 583 4426 September,
602 4341 656 4378 war
673 4323 823 4378 Alexander
840 4325 868 4378 in
886 4325 1008 4380 Cisterna
1026 4325 1189 4378 immantiert
1207 4325 1317 4379 worden.

466 4397 490 4462 Â¹Â³)
520 4395 589 4449 Bald
607 4395 676 4450 nach
694 4395 753 4448 dem
770 4395 861 4449 Erlass
890 4395 975 4448 dieses
994 4395 1157 4462 Schreibcns,
1189 4411 1231 4449 arn
1250 4400 1274 4448 4.
1295 4393 1419 4461 Oktober,
1450 4394 1539 4448 wurde

361 4467 456 4521 Vilior
481 4484 513 4520 zu
530 4465 609 4519 Faria
635 4482 694 4521 vom
712 4465 946 4519 Kardinalbiscboi
961 4466 1075 4520 Ymarua
1103 4469 1180 4520 untur
1198 4465 1334 4519 Assistenn
1354 4465 1400 4518 der
1418 4465 1539 4518 Biscbbic

363 4555 411 4592 von
429 4537 500 4590 llelfi
519 4554 544 4591 u.
563 4535 702 4590 Ferentino
721 4537 892 4592 lronselrriert
