3617 5284
1371 589 1432 652 113

252 756 383 820 decebat
397 758 585 822 catholicum
600 757 780 841 principem,
800 758 834 822 in
848 759 934 823 hunc
948 757 1093 822 modum:
1116 757 1195 822 ‘Duo
1212 760 1294 836 sunt,
1318 759 1432 840 quibus

252 844 397 905 nostrum
425 844 491 926 regi
519 846 640 926 oportet
667 843 850 926 imperium,
879 844 964 925 leges
994 845 1119 907 sanctae
1148 843 1372 926 imperatorum
1402 847 1434 909 at

252 946 331 992 usus
360 929 462 993 bonus
491 930 744 1012 predecessorum
770 931 802 993 et
828 932 955 1013 patrum
985 931 1170 993 uostromm.
1214 929 1296 993 Istos
1318 929 1434 994 limites

253 1013 420 1079 aecclesiae
441 1034 500 1079 nec
521 1015 665 1080 volumus
689 1015 836 1098 preterire
858 1034 916 1080 nec
937 1033 1121 1098 possumus;
1150 1014 1301 1097 quidquid
1323 1017 1362 1080 ab
1384 1016 1433 1080 his

253 1098 416 1178 discordat,
437 1119 500 1164 non
522 1101 698 1184 recipimus.
742 1100 926 1166 Debitum
949 1100 1060 1182 patri
1089 1102 1228 1165 nostro
1250 1120 1435 1166 reveren·

253 1185 350 1248 tiam
391 1185 569 1251 libenter
611 1187 857 1264 exhibemus,
900 1188 1069 1251 liberam
1105 1186 1266 1269 imperii
1303 1188 1433 1251 nostri

252 1288 432 1336 coronam
454 1272 591 1337 divino
614 1275 772 1336 tantum
794 1271 997 1338 beneficio
1020 1271 1303 1351 asscribimus,
1326 1274 1434 1338 elec·

253 1356 377 1422 tionis
405 1360 569 1441 primam
597 1378 731 1423 rocem
762 1359 995 1441 liuguntino
1025 1358 1336 1441 archiepiscopo,
1366 1359 1433 1424 de-

251 1442 342 1506 iude
393 1443 495 1525 quod
546 1448 731 1528 superest
773 1445 948 1510 caeteris
992 1442 1212 1508 secuudum
1255 1444 1432 1509 ordinem

252 1529 504 1612 principibus
538 1530 875 1613 recognoscimus,
897 1530 1078 1612 regalem
1106 1529 1338 1594 unctionem
1362 1530 1434 1595 Co-

250 1615 433 1692 loniensi,
456 1635 803 1698 supremamraro,
819 1635 920 1698 quae
941 1614 1170 1698 imperialis
1186 1618 1264 1693 est,
1287 1635 1432 1681 summo

250 1700 458 1783 pontifici3
493 1702 686 1784 quidquid
714 1704 851 1785 preter
875 1703 973 1766 haec
1002 1703 1075 1777 est,
1110 1719 1149 1764 er
1179 1701 1433 1766 habundanti

250 1789 328 1862 est,
364 1805 384 1850 a
414 1787 519 1851 malo
551 1791 622 1852 est
666 1787 847 1853 cardinales
875 1788 907 1850 in
938 1788 1152 1869 contemptum
1181 1785 1374 1852 dilectissimi
1402 1790 1434 1852 et
1492 1829 1496 1836 -

250 1872 494 1936 reverentissimi
508 1874 605 1956 patris
620 1873 720 1938 nostri
735 1876 767 1937 et
781 1872 1003 1938 consecratoris
1012 1891 1038 1936 a
1051 1873 1165 1936 finibus
1186 1874 1287 1937 terrae
1308 1876 1432 1938 nostrae

252 1958 334 2022 exire
355 1977 419 2022 non
441 1960 607 2040 coegimus.
645 1959 707 2024 Sed
729 1979 802 2024 curn
822 1959 872 2024 his
895 1960 928 2023 et
948 1978 1004 2042 pro
1025 1959 1083 2034 his,
1107 1975 1186 2039 quae
1210 1963 1241 2022 et
1264 1959 1379 2043 scripta
1400 1962 1433 2024 et

250 2043 413 2108 scribenda
440 2044 581 2108 ferebant
601 2046 634 2108 in
662 2045 796 2110 dedecus
818 2051 851 2109 et
872 2044 1056 2109 scandalum
1077 2043 1197 2126 imperii
1219 2045 1326 2122 nostri,
1348 2045 1432 2109 ultra

250 2148 302 2193 eos
324 2129 447 2212 prodire
467 2131 534 2213 pati
554 2131 721 2195 noluimus.
749 2130 919 2195 Iutroitum
942 2134 973 2194 et
996 2131 1113 2194 exitum
1135 2129 1245 2194 Italiae
1266 2149 1325 2194 nac
1347 2131 1431 2194 clau-

250 2215 349 2279 simus
378 2215 478 2280 edicto
505 2235 562 2280 nec
590 2217 733 2281 claudere
755 2216 973 2298 aliquomodo
995 2217 1139 2280 volumus
1160 2216 1431 2297 peregrinantibus

250 2300 299 2364 vel
328 2321 384 2383 pro
413 2301 478 2365 suis
506 2303 744 2367 necessitatibus
773 2302 998 2367 rationabiliter
1019 2321 1091 2365 cum
1114 2301 1290 2365 testimonio
1314 2304 1430 2385 episco-

249 2406 362 2469 porum
389 2389 421 2451 ct
448 2389 639 2470 prelatorum
666 2408 795 2453 suorum
816 2389 992 2453 Romanam
1015 2387 1120 2451 sedem
1144 2385 1347 2463 adeuntibus3
1376 2387 1431 2451 scd

249 2473 311 2536 illis
342 2472 557 2550 abusionibus,
586 2476 700 2556 quibus
727 2493 833 2538 omnes
862 2473 1029 2538 aecclesiae
1050 2472 1138 2554 regni
1161 2473 1260 2536 nostri
1284 2479 1430 2554 gravatae

249 2561 282 2622 et
296 2561 478 2623 attenuatae
493 2563 568 2623 sunt
583 2567 614 2624 et
632 2579 740 2624 omnes
761 2579 840 2643 pene
862 2559 1046 2624 claustrales
1069 2557 1247 2639 disciplinae
1270 2562 1430 2623 emortuae

251 2647 283 2708 et
310 2645 464 2728 sepultae,
494 2646 616 2709 obviare
646 2646 847 2710 intendimus.
890 2644 929 2708 In
951 2645 1051 2728 capite
1082 2645 1163 2708 orbis
1185 2643 1272 2708 Deus
1293 2663 1349 2727 per
1371 2645 1429 2708 im-

249 2731 373 2813 perium
400 2731 547 2794 exaltarit
575 2730 768 2808 aecclesiam,
795 2730 828 2795 in
861 2731 961 2814 capite
990 2729 1072 2794 orbis
1102 2729 1263 2806 aecclesia,
1289 2749 1351 2794 non
1373 2749 1430 2813 par

251 2815 371 2893 Deum,
402 2818 441 2879 ut
473 2816 644 2895 credimus,
677 2836 761 2881 nunc
793 2816 960 2880 demolitur
991 2815 1165 2898 imperium.
1210 2819 1237 2878 A
1269 2815 1430 2898 pictura

249 2901 369 2985 cepit,
399 2902 444 2965 ad
467 2903 705 2985 scripturam
727 2903 889 2986 pictura
909 2901 1126 2985 processit,
1156 2901 1369 2983 scriptura
1390 2901 1430 2965 in

249 2988 542 3052 auctoritatem
564 2989 724 3070 prodire
746 2990 921 3053 conatur.
965 2987 1036 3051 Non
1057 2987 1228 3070 patiemur,
1250 3005 1313 3050 nou
1335 2987 1430 3050 susti-

248 3073 411 3148 nebimus;
445 3092 589 3138 coronam
623 3078 694 3138 ante
721 3092 888 3158 ponemus,
921 3092 1016 3156 quam
1043 3073 1165 3155 imperii
1193 3091 1338 3137 coronam
1365 3093 1430 3136 una

247 3159 411 3224 nobiscum
426 3159 471 3223 sic
493 3159 604 3243 deponi
626 3160 864 3226 consentiamus.
900 3159 1044 3224 Picturae
1066 3158 1236 3235 deleantur,
1259 3158 1429 3241 scripturae

250 3248 466 3321 retractentur,
489 3249 526 3308 ut
539 3246 622 3310 inter
635 3265 769 3329 regnum
791 3250 822 3310 et
844 3244 1052 3309 sacerdotium
1075 3246 1201 3308 aeterna
1222 3244 1428 3308 inimiciarum

247 3331 442 3395 monimenta
468 3349 532 3395 non
563 3337 762 3397 remaneaut‘.
805 3331 892 3394 Haec
920 3333 952 3395 et
984 3331 1059 3407 alia,
1090 3331 1229 3413 utpote
1262 3329 1305 3393 de
1339 3349 1429 3394 con-

247 3416 384 3481 cordia
397 3416 561 3498 Rogerii
577 3417 819 3482 etWillelmi
834 3416 964 3481 Siculi
979 3417 1015 3480 et
1030 3415 1121 3480 aliis
1138 3435 1237 3498 quae
1251 3415 1291 3480 in
1305 3416 1429 3480 Italia

246 3502 357 3567 facta
378 3505 471 3566 sunt
492 3503 846 3580 conventionibus,
868 3521 949 3584 quae
976 3501 1014 3565 ad
1040 3501 1169 3584 plenum
1194 3501 1339 3584 prosequi
1365 3521 1428 3566 non

248 3587 409 3666 audemus,
425 3589 464 3652 ab
475 3608 526 3653 cre
538 3589 654 3653 domini
665 3589 763 3653 nostri
772 3587 1160 3672 imperatorisaudirimus.
1175 3588 1312 3651 Absenta
1322 3592 1428 3651 autem

246 3675 384 3757 palatino
407 3675 518 3738 comite
541 3677 573 3738 et
591 3675 627 3738 in
646 3675 860 3758 preparatione
876 3673 1078 3757 expeditionis
1093 3673 1126 3737 in
1139 3673 1266 3737 Italiam
1280 3673 1344 3737 iam
1357 3692 1428 3755 prc-

247 3761 359 3837 missc,
382 3778 401 3823 a
422 3759 604 3825 cancellario
626 3761 740 3826 ibidem
763 3760 865 3825 adhuc
884 3761 1029 3843 presente
1052 3759 1221 3824 aliudnon
1244 3758 1429 3837 audivimus,

244 3846 308 3910 nisi
335 3846 417 3927 quod
439 3846 626 3910 humilitatis
650 3849 717 3910 erat
739 3849 770 3910 et
791 3846 890 3929 pacis,
918 3847 1022 3929 preter
1044 3845 1127 3926 quod
1149 3845 1193 3909 eis
1215 3864 1270 3927 pro
1291 3844 1428 3928 periculo

244 3933 337 4009 ritae,
360 3932 443 4013 quod
465 3950 484 3995 a
504 3932 617 4016 populo
639 3933 830 4009 imminebat,
851 3950 907 4015 pro
930 3931 1046 3995 viribus
1063 3931 1127 3995 suis
1144 3930 1286 4006 astiterit,
1309 3930 1428 3994 cunctis

247 4019 303 4099 qui
317 4017 361 4082 ibi
377 4016 507 4082 aderant
521 4018 615 4081 huius
630 4019 676 4082 rei
690 4017 904 4082 testimonium
920 4017 964 4080 eis
978 4016 1220 4099 perhibentibus.
1242 4016 1290 4079 De
1306 4018 1426 4080 caetero

246 4103 449 4167 sanctitatem
470 4106 607 4168 vestram
622 4104 802 4187 suppHciter
816 4121 963 4185 rogamus
980 4105 1012 4166 et
1026 4103 1231 4179 obsecramus,
1253 4103 1290 4165 ut
1303 4105 1428 4165 nostrae

244 4189 382 4272 parcatis
397 4188 579 4266 infirmitati,
594 4193 631 4253 ut
645 4189 937 4271 magnanimitatem
948 4187 1004 4251 lilii
1015 4187 1111 4251 rastri
1123 4187 1310 4251 sicutbonus
1322 4189 1428 4268 pastor

246 4274 371 4339 leniatis
386 4275 510 4358 scriptis
525 4275 637 4338 vestris
649 4275 765 4359 scripta
774 4275 878 4358 priora
889 4273 1043 4339 suavitate
1054 4274 1176 4338 mellita
1186 4272 1428 4349 dulcorantibus,

246 4360 397 4443 quatinus
420 4364 452 4426 et
467 4360 615 4426 aecclesia
629 4360 689 4425 Dei
704 4361 875 4442 tranquilla
889 4360 1050 4424 devotione
1065 4360 1200 4422 laetetur
1216 4359 1248 4422 et
1262 4357 1429 4441 imperium

244 4446 278 4510 in
294 4465 371 4511 suae
385 4446 588 4511 sublimitatis
604 4448 690 4511 statu
705 4447 863 4528 glorietur,
878 4446 945 4529 ipso
960 4444 1117 4508 mediante
1134 4446 1166 4508 et
1181 4443 1356 4521 adiuvante,
1374 4445 1427 4525 qui

247 4532 401 4597 mediator
421 4531 482 4597 Dei
503 4533 535 4596 et
556 4532 718 4597 hominum
738 4532 841 4596 factus
863 4534 912 4596 est
933 4533 1025 4595 homo
1048 4529 1191 4595 Christus
1212 4528 1311 4594 Iesus.

302 4646 420 4700 uacca,
435 4646 529 4688 naam
545 4647 645 4689 emsa
660 4647 738 4689 araca
752 4649 773 4688 ⁴.
1240 4615 1260 4679 8
